{"table":"trade","action":"insert","data":[{"timestamp":"2019-12-22T05:02:02.367Z","symbol":"XBTUSD","side":"Buy","size":128,"price":7139,"tickDirection":"PlusTick","trdMatchID":"b1906543-d9cd-df90-8dd1-7b0199422c1d","grossValue":1793024,"homeNotional":0.01793024,"foreignNotional":128}]}
{"table":"trade","action":"insert","data":[{"timestamp":"2019-12-22T05:02:09.691Z","symbol":"XBTUSD","side":"Buy","size":500,"price":7139,"tickDirection":"PlusTick","trdMatchID":"00cbac95-797d-9930-9183-2f53c6e5b1a9","grossValue":7004000,"homeNotional":0.07004,"foreignNotional":500}]}
{"table":"trade","action":"insert","data":[{"timestamp":"2019-12-22T05:02:27.703Z","symbol":"XBTUSD","side":"Buy","size":830,"price":7139,"tickDirection":"PlusTick","trdMatchID":"909bdda0-be41-4161-1aaa-67ce2e561bcf","grossValue":11626640,"homeNotional":0.1162664,"foreignNotional":830}]}
{"table":"trade","action":"insert","data":[{"timestamp":"2019-12-22T05:21:41.489Z","symbol":"XBTUSD","side":"Buy","size":1000,"price":7135.5,"tickDirection":"PlusTick","trdMatchID":"b1badef6-19d0-eb91-1611-a5940894fd19","grossValue":14014000,"homeNotional":0.14014,"foreignNotional":1000}]}
{"table":"trade","action":"insert","data":[{"timestamp":"2019-12-22T05:21:43.670Z","symbol":"XBTUSD","side":"Buy","size":840,"price":7135.5,"tickDirection":"PlusTick","trdMatchID":"f83f0de5-ba06-89c7-b207-6668791565a2","grossValue":11771760,"homeNotional":0.1177176,"foreignNotional":840}]}
{"table":"trade","action":"insert","data":[{"timestamp":"2019-12-22T05:22:00.708Z","symbol":"XBTUSD","side":"Buy","size":100,"price":7135.5,"tickDirection":"PlusTick","trdMatchID":"70ca08b9-c409-72ea-dadc-22b1cea2324b","grossValue":1401400,"homeNotional":0.014014,"foreignNotional":100}]}
{"table":"trade","action":"insert","data":[{"timestamp":"2019-12-22T05:22:30.746Z","symbol":"XBTUSD","side":"Buy","size":5719,"price":7135.5,"tickDirection":"PlusTick","trdMatchID":"bd41e962-ed6f-74c5-1eda-5f741d7c599a","grossValue":80146066,"homeNotional":0.80146066,"foreignNotional":5719},{"timestamp":"2019-12-22T05:22:30.746Z","symbol":"XBTUSD","side":"Buy","size":6297,"price":7135.5,"tickDirection":"ZeroPlusTick","trdMatchID":"f8f226a0-96df-a766-9b25-d664d95faef5","grossValue":88246158,"homeNotional":0.88246158,"foreignNotional":6297}]}
{"table":"trade","action":"insert","data":[{"timestamp":"2019-12-22T05:22:37.762Z","symbol":"XBTUSD","side":"Buy","size":50,"price":7135,"tickDirection":"ZeroMinusTick","trdMatchID":"d546dc0e-3f81-4601-24b1-18eebf568f28","grossValue":700750,"homeNotional":0.0070075,"foreignNotional":50}]}
{"table":"trade","action":"insert","data":[{"timestamp":"2019-12-22T05:22:43.849Z","symbol":"XBTUSD","side":"Buy","size":839,"price":7135,"tickDirection":"PlusTick","trdMatchID":"87274d24-f361-c054-cb18-3ad7575c9816","grossValue":11758585,"homeNotional":0.11758585,"foreignNotional":839}]}
{"table":"trade","action":"insert","data":[{"timestamp":"2019-12-22T05:23:34.225Z","symbol":"XBTUSD","side":"Buy","size":25,"price":7134.5,"tickDirection":"PlusTick","trdMatchID":"7b1ad684-e904-f2df-1646-304539ec04df","grossValue":350400,"homeNotional":0.003504,"foreignNotional":25}]}
{"table":"trade","action":"insert","data":[{"timestamp":"2019-12-22T05:24:09.542Z","symbol":"XBTUSD","side":"Buy","size":1000,"price":7134.5,"tickDirection":"PlusTick","trdMatchID":"b50551b9-b98b-aadc-6141-438ab01af5e1","grossValue":14016000,"homeNotional":0.14016,"foreignNotional":1000}]}
{"table":"trade","action":"insert","data":[{"timestamp":"2019-12-22T05:24:09.824Z","symbol":"XBTUSD","side":"Buy","size":70,"price":7134.5,"tickDirection":"ZeroPlusTick","trdMatchID":"a2da24c5-16bd-5d91-ec56-5a5eafe5eaa4","grossValue":981120,"homeNotional":0.0098112,"foreignNotional":70}]}
{"table":"trade","action":"insert","data":[{"timestamp":"2019-12-22T05:24:13.326Z","symbol":"XBTUSD","side":"Buy","size":450,"price":7134.5,"tickDirection":"PlusTick","trdMatchID":"e1c7533a-3b1d-a1e1-567b-ef3be7164e84","grossValue":6307200,"homeNotional":0.063072,"foreignNotional":450}]}
{"table":"trade","action":"insert","data":[{"timestamp":"2019-12-22T05:24:14.035Z","symbol":"XBTUSD","side":"Buy","size":20000,"price":7134.5,"tickDirection":"ZeroPlusTick","trdMatchID":"df991d2d-894b-ec2e-133b-3f18afbc4f7c","grossValue":280320000,"homeNotional":2.8032,"foreignNotional":20000}]}
{"table":"trade","action":"insert","data":[{"timestamp":"2019-12-22T05:24:16.327Z","symbol":"XBTUSD","side":"Buy","size":100,"price":7134.5,"tickDirection":"ZeroPlusTick","trdMatchID":"72bb9cbb-2adc-f7c3-9b7c-23bae88ee676","grossValue":1401600,"homeNotional":0.014016,"foreignNotional":100}]}
{"table":"trade","action":"insert","data":[{"timestamp":"2019-12-22T05:24:26.547Z","symbol":"XBTUSD","side":"Buy","size":4000,"price":7134.5,"tickDirection":"PlusTick","trdMatchID":"91c61775-bec9-d72d-e935-3cff39c67789","grossValue":56064000,"homeNotional":0.56064,"foreignNotional":4000}]}
{"table":"trade","action":"insert","data":[{"timestamp":"2019-12-22T05:24:29.656Z","symbol":"XBTUSD","side":"Buy","size":300,"price":7134.5,"tickDirection":"ZeroPlusTick","trdMatchID":"669f3df9-21f7-7b05-176c-0cfc10550324","grossValue":4204800,"homeNotional":0.042048,"foreignNotional":300}]}
{"table":"trade","action":"insert","data":[{"timestamp":"2019-12-22T05:24:33.844Z","symbol":"XBTUSD","side":"Buy","size":2000,"price":7134.5,"tickDirection":"ZeroPlusTick","trdMatchID":"6ee0f89b-0b5b-edc0-14b3-30c9418784f1","grossValue":28032000,"homeNotional":0.28032,"foreignNotional":2000}]}
{"table":"trade","action":"insert","data":[{"timestamp":"2019-12-22T05:24:37.454Z","symbol":"XBTUSD","side":"Buy","size":1000,"price":7134.5,"tickDirection":"ZeroPlusTick","trdMatchID":"73e214f4-e761-f866-6200-6745840555a1","grossValue":14016000,"homeNotional":0.14016,"foreignNotional":1000}]}
{"table":"trade","action":"insert","data":[{"timestamp":"2019-12-22T05:24:49.206Z","symbol":"XBTUSD","side":"Buy","size":221,"price":7134.5,"tickDirection":"PlusTick","trdMatchID":"cdb0e760-e578-4f0c-1f96-11b3e484ea08","grossValue":3097536,"homeNotional":0.03097536,"foreignNotional":221}]}
{"table":"trade","action":"insert","data":[{"timestamp":"2019-12-22T05:24:50.070Z","symbol":"XBTUSD","side":"Buy","size":770,"price":7134.5,"tickDirection":"ZeroPlusTick","trdMatchID":"8588a829-954d-13de-0f22-4addffd39fe0","grossValue":10792320,"homeNotional":0.1079232,"foreignNotional":770}]}
{"table":"trade","action":"insert","data":[{"timestamp":"2019-12-22T05:25:05.297Z","symbol":"XBTUSD","side":"Buy","size":10,"price":7134.5,"tickDirection":"PlusTick","trdMatchID":"b1f4bccb-8123-b9df-85a1-ce4550e1b2ff","grossValue":140160,"homeNotional":0.0014016,"foreignNotional":10}]}
{"table":"trade","action":"insert","data":[{"timestamp":"2019-12-22T05:25:16.595Z","symbol":"XBTUSD","side":"Buy","size":160,"price":7134.5,"tickDirection":"PlusTick","trdMatchID":"6868ad84-9745-b327-dd25-43432d56e05c","grossValue":2242560,"homeNotional":0.0224256,"foreignNotional":160}]}
{"table":"trade","action":"insert","data":[{"timestamp":"2019-12-22T05:25:22.723Z","symbol":"XBTUSD","side":"Buy","size":10,"price":7134.5,"tickDirection":"ZeroPlusTick","trdMatchID":"88e5fd25-7b15-1e3c-7b97-bc9d56fe0594","grossValue":140160,"homeNotional":0.0014016,"foreignNotional":10}]}
{"table":"trade","action":"insert","data":[{"timestamp":"2019-12-22T05:25:25.956Z","symbol":"XBTUSD","side":"Buy","size":10000,"price":7134.5,"tickDirection":"PlusTick","trdMatchID":"6cf6aa61-11b0-4138-feee-c1d9bb53e4ff","grossValue":140160000,"homeNotional":1.4016,"foreignNotional":10000}]}
{"table":"trade","action":"insert","data":[{"timestamp":"2019-12-22T05:25:29.626Z","symbol":"XBTUSD","side":"Buy","size":128,"price":7134.5,"tickDirection":"ZeroPlusTick","trdMatchID":"075acc1e-6f44-329f-6ad5-e17cebbf1622","grossValue":1794048,"homeNotional":0.01794048,"foreignNotional":128}]}
{"table":"trade","action":"insert","data":[{"timestamp":"2019-12-22T05:25:30.078Z","symbol":"XBTUSD","side":"Buy","size":5000,"price":7134.5,"tickDirection":"ZeroPlusTick","trdMatchID":"090aa155-439b-6c34-b1d9-9a70f497bcec","grossValue":70080000,"homeNotional":0.7008,"foreignNotional":5000}]}
{"table":"trade","action":"insert","data":[{"timestamp":"2019-12-22T05:25:30.922Z","symbol":"XBTUSD","side":"Buy","size":3000,"price":7134.5,"tickDirection":"PlusTick","trdMatchID":"95739d74-4af4-9255-deb2-aa7a78dcff1f","grossValue":42048000,"homeNotional":0.42048,"foreignNotional":3000}]}
{"table":"trade","action":"insert","data":[{"timestamp":"2019-12-22T05:25:46.768Z","symbol":"XBTUSD","side":"Buy","size":31968,"price":7134.5,"tickDirection":"PlusTick","trdMatchID":"8d5fca36-f2ab-5f81-de01-df9e9a7871e2","grossValue":448063488,"homeNotional":4.48063488,"foreignNotional":31968},{"timestamp":"2019-12-22T05:25:46.768Z","symbol":"XBTUSD","side":"Buy","size":299,"price":7134.5,"tickDirection":"ZeroPlusTick","trdMatchID":"a3ccf7c9-0fa6-0b46-e436-715cdcacdca1","grossValue":4190784,"homeNotional":0.04190784,"foreignNotional":299},{"timestamp":"2019-12-22T05:25:46.768Z","symbol":"XBTUSD","side":"Buy","size":17733,"price":7134.5,"tickDirection":"ZeroPlusTick","trdMatchID":"d33b6157-6a93-17c2-8e1d-b9bcdd385de5","grossValue":248545728,"homeNotional":2.48545728,"foreignNotional":17733}]}
{"table":"trade","action":"insert","data":[{"timestamp":"2019-12-22T05:25:59.411Z","symbol":"XBTUSD","side":"Buy","size":42217,"price":7134.5,"tickDirection":"PlusTick","trdMatchID":"4642b1a4-f710-9143-64e9-60a3e84b7d28","grossValue":591713472,"homeNotional":5.91713472,"foreignNotional":42217},{"timestamp":"2019-12-22T05:25:59.411Z","symbol":"XBTUSD","side":"Buy","size":7783,"price":7134.5,"tickDirection":"ZeroPlusTick","trdMatchID":"9a686e47-f9e0-f542-8a80-c86eea24cd15","grossValue":109086528,"homeNotional":1.09086528,"foreignNotional":7783}]}
{"table":"trade","action":"insert","data":[{"timestamp":"2019-12-22T05:26:17.684Z","symbol":"XBTUSD","side":"Buy","size":799,"price":7134.5,"tickDirection":"ZeroPlusTick","trdMatchID":"3e057f9a-2cbe-3f39-3077-fe413b937911","grossValue":11198784,"homeNotional":0.11198784,"foreignNotional":799}]}
{"table":"trade","action":"insert","data":[{"timestamp":"2019-12-22T05:26:36.306Z","symbol":"XBTUSD","side":"Buy","size":25,"price":7134.5,"tickDirection":"PlusTick","trdMatchID":"1f4804c4-dc47-2ca8-8fb0-9e286c5aace7","grossValue":350400,"homeNotional":0.003504,"foreignNotional":25}]}
{"table":"trade","action":"insert","data":[{"timestamp":"2019-12-22T05:27:41.693Z","symbol":"XBTUSD","side":"Buy","size":2000,"price":7134.5,"tickDirection":"PlusTick","trdMatchID":"c0343e7f-a505-8494-0df0-eb719c932a3d","grossValue":28032000,"homeNotional":0.28032,"foreignNotional":2000}]}
{"table":"trade","action":"insert","data":[{"timestamp":"2019-12-22T05:27:43.200Z","symbol":"XBTUSD","side":"Buy","size":100,"price":7134.5,"tickDirection":"ZeroPlusTick","trdMatchID":"52151a65-5e2a-9940-3bf7-c9c71270e125","grossValue":1401600,"homeNotional":0.014016,"foreignNotional":100}]}
{"table":"trade","action":"insert","data":[{"timestamp":"2019-12-22T05:27:57.763Z","symbol":"XBTUSD","side":"Buy","size":1000,"price":7134.5,"tickDirection":"PlusTick","trdMatchID":"6e532fbb-416b-a368-3a61-7204955bc92d","grossValue":14016000,"homeNotional":0.14016,"foreignNotional":1000}]}
{"table":"trade","action":"insert","data":[{"timestamp":"2019-12-22T05:27:57.915Z","symbol":"XBTUSD","side":"Buy","size":769,"price":7134.5,"tickDirection":"ZeroPlusTick","trdMatchID":"026b4169-a3fe-ebc0-5342-c28be0b165df","grossValue":10778304,"homeNotional":0.10778304,"foreignNotional":769}]}
{"table":"trade","action":"insert","data":[{"timestamp":"2019-12-22T05:28:03.833Z","symbol":"XBTUSD","side":"Buy","size":30,"price":7134.5,"tickDirection":"PlusTick","trdMatchID":"7b5e6154-0a2e-1834-1339-710d9514bc30","grossValue":420480,"homeNotional":0.0042048,"foreignNotional":30}]}
{"table":"trade","action":"insert","data":[{"timestamp":"2019-12-22T05:28:45.054Z","symbol":"XBTUSD","side":"Buy","size":149,"price":7134.5,"tickDirection":"PlusTick","trdMatchID":"392b68d7-b22e-914a-7f4f-fc9e839e6c1f","grossValue":2088384,"homeNotional":0.02088384,"foreignNotional":149}]}
