{"table":"trade","action":"partial","keys":[],"types":{"timestamp":"timestamp","symbol":"symbol","side":"symbol","size":"long","price":"float","tickDirection":"symbol","trdMatchID":"guid","grossValue":"long","homeNotional":"float","foreignNotional":"float"},"foreignKeys":{"symbol":"instrument","side":"side"},"attributes":{"timestamp":"sorted","symbol":"grouped"},"filter":{"symbol":"XBTUSD"},"data":[{"timestamp":"2019-12-22T05:21:27.289Z","symbol":"XBTUSD","side":"Sell","size":161,"price":7135,"tickDirection":"MinusTick","trdMatchID":"4d3460b3-2d74-3ada-6daa-f986f82f3be7","grossValue":2256415,"homeNotional":0.02256415,"foreignNotional":161}]}
{"table":"trade","action":"insert","data":[{"timestamp":"2019-12-22T05:21:29.255Z","symbol":"XBTUSD","side":"Sell","size":10000,"price":7135,"tickDirection":"ZeroMinusTick","trdMatchID":"b536f7c0-6db6-886a-16df-a29efaec8a6c","grossValue":140150000,"homeNotional":1.4015,"foreignNotional":10000}]}
{"table":"trade","action":"insert","data":[{"timestamp":"2019-12-22T05:21:30.896Z","symbol":"XBTUSD","side":"Sell","size":50,"price":7135,"tickDirection":"ZeroMinusTick","trdMatchID":"2357aa47-ddf0-7e42-feca-1b4e8725955e","grossValue":700750,"homeNotional":0.0070075,"foreignNotional":50}]}
{"table":"trade","action":"insert","data":[{"timestamp":"2019-12-22T05:21:31.116Z","symbol":"XBTUSD","side":"Sell","size":2000,"price":7135,"tickDirection":"ZeroMinusTick","trdMatchID":"6f817ca0-9a0e-44f2-adcf-6bf812388c9c","grossValue":28030000,"homeNotional":0.2803,"foreignNotional":2000}]}
{"table":"trade","action":"insert","data":[{"timestamp":"2019-12-22T05:21:32.042Z","symbol":"XBTUSD","side":"Sell","size":65181,"price":7135,"tickDirection":"ZeroMinusTick","trdMatchID":"afbc4177-12ff-13ab-72d5-101eae2511b5","grossValue":913511715,"homeNotional":9.13511715,"foreignNotional":65181},{"timestamp":"2019-12-22T05:21:32.042Z","symbol":"XBTUSD","side":"Sell","size":2000,"price":7135,"tickDirection":"ZeroMinusTick","trdMatchID":"0095eee4-599a-c12b-bcba-4d0324ed44c3","grossValue":28030000,"homeNotional":0.2803,"foreignNotional":2000},{"timestamp":"2019-12-22T05:21:32.042Z","symbol":"XBTUSD","side":"Sell","size":50,"price":7135,"tickDirection":"ZeroMinusTick","trdMatchID":"8926c058-f2c1-e6d4-35d2-66e4d463ee85","grossValue":700750,"homeNotional":0.0070075,"foreignNotional":50},{"timestamp":"2019-12-22T05:21:32.042Z","symbol":"XBTUSD","side":"Sell","size":33,"price":7135,"tickDirection":"ZeroMinusTick","trdMatchID":"fc63754f-2b42-8ab2-e68a-6c070c5e0330","grossValue":462495,"homeNotional":0.00462495,"foreignNotional":33},{"timestamp":"2019-12-22T05:21:32.042Z","symbol":"XBTUSD","side":"Sell","size":544,"price":7135,"tickDirection":"ZeroMinusTick","trdMatchID":"e6d16b65-b495-f8e3-e639-ed39fe24ce92","grossValue":7624160,"homeNotional":0.0762416,"foreignNotional":544},{"timestamp":"2019-12-22T05:21:32.042Z","symbol":"XBTUSD","side":"Sell","size":20,"price":7135,"tickDirection":"ZeroMinusTick","trdMatchID":"47132b37-597a-7323-1b97-4a590abc5953","grossValue":280300,"homeNotional":0.002803,"foreignNotional":20},{"timestamp":"2019-12-22T05:21:32.042Z","symbol":"XBTUSD","side":"Sell","size":14000,"price":7135,"tickDirection":"ZeroMinusTick","trdMatchID":"a0a8df71-a5a5-7b53-e00f-afad7f63dedb","grossValue":196210000,"homeNotional":1.9621,"foreignNotional":14000},{"timestamp":"2019-12-22T05:21:32.042Z","symbol":"XBTUSD","side":"Sell","size":226,"price":7135,"tickDirection":"ZeroMinusTick","trdMatchID":"0cd60770-1347-e65e-baa2-888ba5c950f0","grossValue":3167390,"homeNotional":0.0316739,"foreignNotional":226},{"timestamp":"2019-12-22T05:21:32.042Z","symbol":"XBTUSD","side":"Sell","size":226,"price":7135,"tickDirection":"ZeroMinusTick","trdMatchID":"414e85df-b271-1c05-1e49-93569a2c2d35","grossValue":3167390,"homeNotional":0.0316739,"foreignNotional":226},{"timestamp":"2019-12-22T05:21:32.042Z","symbol":"XBTUSD","side":"Sell","size":182,"price":7135,"tickDirection":"ZeroMinusTick","trdMatchID":"35204b50-d09a-c23c-d849-dd38054eebc4","grossValue":2550730,"homeNotional":0.0255073,"foreignNotional":182},{"timestamp":"2019-12-22T05:21:32.042Z","symbol":"XBTUSD","side":"Sell","size":200,"price":7135,"tickDirection":"ZeroMinusTick","trdMatchID":"d8d37614-ed58-7b33-3fd2-fe581c06387d","grossValue":2803000,"homeNotional":0.02803,"foreignNotional":200},{"timestamp":"2019-12-22T05:21:32.042Z","symbol":"XBTUSD","side":"Sell","size":81,"price":7135,"tickDirection":"ZeroMinusTick","trdMatchID":"7fca2b0e-5d03-4646-aeb2-b43a4c6b787b","grossValue":1135215,"homeNotional":0.01135215,"foreignNotional":81},{"timestamp":"2019-12-22T05:21:32.042Z","symbol":"XBTUSD","side":"Sell","size":300,"price":7135,"tickDirection":"ZeroMinusTick","trdMatchID":"d3805545-6811-8385-e203-d79968077f54","grossValue":4204500,"homeNotional":0.042045,"foreignNotional":300},{"timestamp":"2019-12-22T05:21:32.042Z","symbol":"XBTUSD","side":"Sell","size":130,"price":7135,"tickDirection":"ZeroMinusTick","trdMatchID":"91c1df6e-5825-2119-aaf0-141d61bb613b","grossValue":1821950,"homeNotional":0.0182195,"foreignNotional":130},{"timestamp":"2019-12-22T05:21:32.042Z","symbol":"XBTUSD","side":"Sell","size":5000,"price":7135,"tickDirection":"ZeroMinusTick","trdMatchID":"695630fb-47ea-2e28-ebb7-90e8c8fbba79","grossValue":70075000,"homeNotional":0.70075,"foreignNotional":5000},{"timestamp":"2019-12-22T05:21:32.042Z","symbol":"XBTUSD","side":"Sell","size":22,"price":7135,"tickDirection":"ZeroMinusTick","trdMatchID":"03917a10-1768-b5a6-04f9-8839d605d276","grossValue":308330,"homeNotional":0.0030833,"foreignNotional":22},{"timestamp":"2019-12-22T05:21:32.042Z","symbol":"XBTUSD","side":"Sell","size":1,"price":7135,"tickDirection":"ZeroMinusTick","trdMatchID":"459b96fc-2a65-8c3c-c543-e8235927505c","grossValue":14015,"homeNotional":0.00014015,"foreignNotional":1},{"timestamp":"2019-12-22T05:21:32.042Z","symbol":"XBTUSD","side":"Sell","size":56,"price":7135,"tickDirection":"ZeroMinusTick","trdMatchID":"6db411f1-de3a-0ba4-ee4a-7f008b8ea100","grossValue":784840,"homeNotional":0.0078484,"foreignNotional":56},{"timestamp":"2019-12-22T05:21:32.042Z","symbol":"XBTUSD","side":"Sell","size":53,"price":7135,"tickDirection":"ZeroMinusTick","trdMatchID":"04a251d2-66e0-93d3-5f30-eeed5255f7ed","grossValue":742795,"homeNotional":0.00742795,"foreignNotional":53},{"timestamp":"2019-12-22T05:21:32.042Z","symbol":"XBTUSD","side":"Sell","size":20,"price":7135,"tickDirection":"ZeroMinusTick","trdMatchID":"e9228610-3fb6-33ad-4637-3dc3ee9bb8c5","grossValue":280300,"homeNotional":0.002803,"foreignNotional":20},{"timestamp":"2019-12-22T05:21:32.042Z","symbol":"XBTUSD","side":"Sell","size":86,"price":7135,"tickDirection":"ZeroMinusTick","trdMatchID":"8edd9a06-333b-b3c4-caae-246162ebb986","grossValue":1205290,"homeNotional":0.0120529,"foreignNotional":86}]}
{"table":"trade","action":"insert","data":[{"timestamp":"2019-12-22T05:21:32.159Z","symbol":"XBTUSD","side":"Sell","size":9914,"price":7135,"tickDirection":"ZeroMinusTick","trdMatchID":"b1b7eee1-a408-2294-b4bd-64619f829485","grossValue":138944710,"homeNotional":1.3894471,"foreignNotional":9914},{"timestamp":"2019-12-22T05:21:32.159Z","symbol":"XBTUSD","side":"Sell","size":1000,"price":7135,"tickDirection":"ZeroMinusTick","trdMatchID":"ca7fa440-004f-9e0e-19d3-450382e38c2f","grossValue":14015000,"homeNotional":0.14015,"foreignNotional":1000},{"timestamp":"2019-12-22T05:21:32.159Z","symbol":"XBTUSD","side":"Sell","size":1000,"price":7135,"tickDirection":"ZeroMinusTick","trdMatchID":"9ade4442-9cea-b688-e335-07986029fd97","grossValue":14015000,"homeNotional":0.14015,"foreignNotional":1000},{"timestamp":"2019-12-22T05:21:32.159Z","symbol":"XBTUSD","side":"Sell","size":53,"price":7135,"tickDirection":"ZeroMinusTick","trdMatchID":"cd3c87fc-6d19-1bd9-c3d0-86caeb956eeb","grossValue":742795,"homeNotional":0.00742795,"foreignNotional":53},{"timestamp":"2019-12-22T05:21:32.159Z","symbol":"XBTUSD","side":"Sell","size":100,"price":7135,"tickDirection":"ZeroMinusTick","trdMatchID":"c6545ce2-0dcb-8a1c-5819-4bd44533dc52","grossValue":1401500,"homeNotional":0.014015,"foreignNotional":100},{"timestamp":"2019-12-22T05:21:32.159Z","symbol":"XBTUSD","side":"Sell","size":544,"price":7135,"tickDirection":"ZeroMinusTick","trdMatchID":"86eafd33-f4fb-83d1-a9b4-0ebc03f0ed77","grossValue":7624160,"homeNotional":0.0762416,"foreignNotional":544},{"timestamp":"2019-12-22T05:21:32.159Z","symbol":"XBTUSD","side":"Sell","size":1000,"price":7135,"tickDirection":"ZeroMinusTick","trdMatchID":"8e044aea-4c82-00fc-0081-29e0c973f88e","grossValue":14015000,"homeNotional":0.14015,"foreignNotional":1000},{"timestamp":"2019-12-22T05:21:32.159Z","symbol":"XBTUSD","side":"Sell","size":20,"price":7135,"tickDirection":"ZeroMinusTick","trdMatchID":"3e482ba2-2da7-4904-e79f-6c2d1a50b763","grossValue":280300,"homeNotional":0.002803,"foreignNotional":20},{"timestamp":"2019-12-22T05:21:32.159Z","symbol":"XBTUSD","side":"Sell","size":1000,"price":7135,"tickDirection":"ZeroMinusTick","trdMatchID":"0b50aeef-701b-9d66-fc48-99ed49bea3bd","grossValue":14015000,"homeNotional":0.14015,"foreignNotional":1000},{"timestamp":"2019-12-22T05:21:32.159Z","symbol":"XBTUSD","side":"Sell","size":1000,"price":7135,"tickDirection":"ZeroMinusTick","trdMatchID":"db80e2fd-b35a-abac-546d-5a91293b519f","grossValue":14015000,"homeNotional":0.14015,"foreignNotional":1000},{"timestamp":"2019-12-22T05:21:32.159Z","symbol":"XBTUSD","side":"Sell","size":1000,"price":7135,"tickDirection":"ZeroMinusTick","trdMatchID":"d7d0373a-6f1d-6e2a-0cc6-f567d5336c8b","grossValue":14015000,"homeNotional":0.14015,"foreignNotional":1000},{"timestamp":"2019-12-22T05:21:32.159Z","symbol":"XBTUSD","side":"Sell","size":1000,"price":7135,"tickDirection":"ZeroMinusTick","trdMatchID":"f5a6f029-cc38-1682-9bb5-aed20932bf92","grossValue":14015000,"homeNotional":0.14015,"foreignNotional":1000},{"timestamp":"2019-12-22T05:21:32.159Z","symbol":"XBTUSD","side":"Sell","size":1000,"price":7135,"tickDirection":"ZeroMinusTick","trdMatchID":"b14a2f17-0ecb-0f45-e35c-3bd0b55027bf","grossValue":14015000,"homeNotional":0.14015,"foreignNotional":1000},{"timestamp":"2019-12-22T05:21:32.159Z","symbol":"XBTUSD","side":"Sell","size":1000,"price":7135,"tickDirection":"ZeroMinusTick","trdMatchID":"13d075cc-1a4e-d117-46bd-0fc8535f968b","grossValue":14015000,"homeNotional":0.14015,"foreignNotional":1000},{"timestamp":"2019-12-22T05:21:32.159Z","symbol":"XBTUSD","side":"Sell","size":1000,"price":7135,"tickDirection":"ZeroMinusTick","trdMatchID":"ecaf6011-ee9b-1e6f-b1fe-1b7d2328c1be","grossValue":14015000,"homeNotional":0.14015,"foreignNotional":1000},{"timestamp":"2019-12-22T05:21:32.159Z","symbol":"XBTUSD","side":"Sell","size":100,"price":7135,"tickDirection":"ZeroMinusTick","trdMatchID":"e462bb13-464a-4eb3-0975-1f76361ddc47","grossValue":1401500,"homeNotional":0.014015,"foreignNotional":100},{"timestamp":"2019-12-22T05:21:32.159Z","symbol":"XBTUSD","side":"Sell","size":19866,"price":7135,"tickDirection":"ZeroMinusTick","trdMatchID":"0505de7b-96f7-97d6-4064-ce3900188b0e","grossValue":278421990,"homeNotional":2.7842199,"foreignNotional":19866}]}
{"table":"trade","action":"insert","data":[{"timestamp":"2019-12-22T05:21:33.267Z","symbol":"XBTUSD","side":"Sell","size":50,"price":7135,"tickDirection":"ZeroMinusTick","trdMatchID":"8f983e57-03cd-b2e4-d60c-381e2fbffa65","grossValue":700750,"homeNotional":0.0070075,"foreignNotional":50}]}
{"table":"trade","action":"insert","data":[{"timestamp":"2019-12-22T05:21:34.020Z","symbol":"XBTUSD","side":"Sell","size":161,"price":7135,"tickDirection":"ZeroMinusTick","trdMatchID":"31aaa9f9-9a9e-8687-deda-cb82ef44b621","grossValue":2256415,"homeNotional":0.02256415,"foreignNotional":161}]}
{"table":"trade","action":"insert","data":[{"timestamp":"2019-12-22T05:21:34.323Z","symbol":"XBTUSD","side":"Sell","size":2823,"price":7135,"tickDirection":"ZeroMinusTick","trdMatchID":"c3064b91-8cac-dcfd-9b35-3131d4514d4c","grossValue":39564345,"homeNotional":0.39564345,"foreignNotional":2823},{"timestamp":"2019-12-22T05:21:34.323Z","symbol":"XBTUSD","side":"Sell","size":534,"price":7135,"tickDirection":"ZeroMinusTick","trdMatchID":"f99855b7-49fa-e72c-d356-2ac2ae188e5c","grossValue":7484010,"homeNotional":0.0748401,"foreignNotional":534},{"timestamp":"2019-12-22T05:21:34.323Z","symbol":"XBTUSD","side":"Sell","size":20,"price":7135,"tickDirection":"ZeroMinusTick","trdMatchID":"3962c543-974e-03d0-2af4-7527b5de5474","grossValue":280300,"homeNotional":0.002803,"foreignNotional":20},{"timestamp":"2019-12-22T05:21:34.323Z","symbol":"XBTUSD","side":"Sell","size":24,"price":7135,"tickDirection":"ZeroMinusTick","trdMatchID":"9f59b60c-dbb8-45d8-0dbf-788bd574372e","grossValue":336360,"homeNotional":0.0033636,"foreignNotional":24},{"timestamp":"2019-12-22T05:21:34.323Z","symbol":"XBTUSD","side":"Sell","size":8,"price":7135,"tickDirection":"ZeroMinusTick","trdMatchID":"09f53c33-e628-aedd-2def-44e94b17f069","grossValue":112120,"homeNotional":0.0011212,"foreignNotional":8},{"timestamp":"2019-12-22T05:21:34.323Z","symbol":"XBTUSD","side":"Sell","size":240,"price":7135,"tickDirection":"ZeroMinusTick","trdMatchID":"210b06f7-b686-38ed-eedf-50575f33a155","grossValue":3363600,"homeNotional":0.033636,"foreignNotional":240},{"timestamp":"2019-12-22T05:21:34.323Z","symbol":"XBTUSD","side":"Sell","size":100,"price":7135,"tickDirection":"ZeroMinusTick","trdMatchID":"31454ae0-6c13-a7ce-c1ac-0431a5c737cf","grossValue":1401500,"homeNotional":0.014015,"foreignNotional":100},{"timestamp":"2019-12-22T05:21:34.323Z","symbol":"XBTUSD","side":"Sell","size":51,"price":7135,"tickDirection":"ZeroMinusTick","trdMatchID":"02b13509-7513-a10b-2e43-3b5ab897c238","grossValue":714765,"homeNotional":0.00714765,"foreignNotional":51},{"timestamp":"2019-12-22T05:21:34.323Z","symbol":"XBTUSD","side":"Sell","size":32,"price":7135,"tickDirection":"ZeroMinusTick","trdMatchID":"f3cb789a-9b57-3cfb-74fa-be224f14a7ad","grossValue":448480,"homeNotional":0.0044848,"foreignNotional":32},{"timestamp":"2019-12-22T05:21:34.323Z","symbol":"XBTUSD","side":"Sell","size":100,"price":7135,"tickDirection":"ZeroMinusTick","trdMatchID":"7a37183d-b4b7-cdf0-7caf-8b3634f1d916","grossValue":1401500,"homeNotional":0.014015,"foreignNotional":100},{"timestamp":"2019-12-22T05:21:34.323Z","symbol":"XBTUSD","side":"Sell","size":75,"price":7135,"tickDirection":"ZeroMinusTick","trdMatchID":"72c8c68d-df11-1993-bec6-3ab54814c447","grossValue":1051125,"homeNotional":0.01051125,"foreignNotional":75},{"timestamp":"2019-12-22T05:21:34.323Z","symbol":"XBTUSD","side":"Sell","size":40,"price":7135,"tickDirection":"ZeroMinusTick","trdMatchID":"163d9f15-7220-b376-6760-9d6b19535ab6","grossValue":560600,"homeNotional":0.005606,"foreignNotional":40},{"timestamp":"2019-12-22T05:21:34.323Z","symbol":"XBTUSD","side":"Sell","size":2068,"price":7135,"tickDirection":"ZeroMinusTick","trdMatchID":"4ae89ea7-f2e9-ab06-6c87-b14a011a5c36","grossValue":28983020,"homeNotional":0.2898302,"foreignNotional":2068},{"timestamp":"2019-12-22T05:21:34.323Z","symbol":"XBTUSD","side":"Sell","size":3,"price":7135,"tickDirection":"ZeroMinusTick","trdMatchID":"828bde35-c42b-b816-916b-dbef554fa39d","grossValue":42045,"homeNotional":0.00042045,"foreignNotional":3},{"timestamp":"2019-12-22T05:21:34.323Z","symbol":"XBTUSD","side":"Sell","size":4,"price":7135,"tickDirection":"ZeroMinusTick","trdMatchID":"1b2628df-3a60-5460-97f8-56409d139df9","grossValue":56060,"homeNotional":0.0005606,"foreignNotional":4},{"timestamp":"2019-12-22T05:21:34.323Z","symbol":"XBTUSD","side":"Sell","size":56,"price":7135,"tickDirection":"ZeroMinusTick","trdMatchID":"5753afd5-93da-95a1-d396-a78ef80fa5cd","grossValue":784840,"homeNotional":0.0078484,"foreignNotional":56},{"timestamp":"2019-12-22T05:21:34.323Z","symbol":"XBTUSD","side":"Sell","size":3822,"price":7135,"tickDirection":"ZeroMinusTick","trdMatchID":"edf62579-72fc-2ef4-7153-344ba63e12a2","grossValue":53565330,"homeNotional":0.5356533,"foreignNotional":3822}]}
{"table":"trade","action":"insert","data":[{"timestamp":"2019-12-22T05:21:37.322Z","symbol":"XBTUSD","side":"Sell","size":10000,"price":7135,"tickDirection":"ZeroMinusTick","trdMatchID":"a104373e-3b95-dc03-b5c5-55788c6f0a2d","grossValue":140150000,"homeNotional":1.4015,"foreignNotional":10000}]}
{"table":"trade","action":"insert","data":[{"timestamp":"2019-12-22T05:21:37.658Z","symbol":"XBTUSD","side":"Sell","size":10000,"price":7135,"tickDirection":"ZeroMinusTick","trdMatchID":"2c3c0903-b4fe-1ace-c6e0-602ad4a7a3d5","grossValue":140150000,"homeNotional":1.4015,"foreignNotional":10000}]}
{"table":"trade","action":"insert","data":[{"timestamp":"2019-12-22T05:21:38.550Z","symbol":"XBTUSD","side":"Sell","size":200,"price":7135,"tickDirection":"ZeroMinusTick","trdMatchID":"81b5d29e-ca1e-1875-fa0c-6fe0957294bf","grossValue":2803000,"homeNotional":0.02803,"foreignNotional":200},{"timestamp":"2019-12-22T05:21:38.550Z","symbol":"XBTUSD","side":"Sell","size":6800,"price":7135,"tickDirection":"ZeroMinusTick","trdMatchID":"20904e52-78e9-100e-15ed-fef2af141c92","grossValue":95302000,"homeNotional":0.95302,"foreignNotional":6800}]}
{"table":"trade","action":"insert","data":[{"timestamp":"2019-12-22T05:21:40.828Z","symbol":"XBTUSD","side":"Sell","size":10000,"price":7135,"tickDirection":"ZeroMinusTick","trdMatchID":"58e9dd48-440c-c242-57ad-acaa8ef834e6","grossValue":140150000,"homeNotional":1.4015,"foreignNotional":10000}]}
{"table":"trade","action":"insert","data":[{"timestamp":"2019-12-22T05:21:41.617Z","symbol":"XBTUSD","side":"Sell","size":100,"price":7135,"tickDirection":"MinusTick","trdMatchID":"b252dbea-3684-a89a-962b-637330c7d95a","grossValue":1401500,"homeNotional":0.014015,"foreignNotional":100}]}
{"table":"trade","action":"insert","data":[{"timestamp":"2019-12-22T05:21:45.933Z","symbol":"XBTUSD","side":"Sell","size":4500,"price":7135,"tickDirection":"ZeroMinusTick","trdMatchID":"03a2f55a-97ae-e04a-af05-2fe9a4d0833e","grossValue":63067500,"homeNotional":0.630675,"foreignNotional":4500}]}
{"table":"trade","action":"insert","data":[{"timestamp":"2019-12-22T05:21:46.322Z","symbol":"XBTUSD","side":"Sell","size":2617,"price":7135,"tickDirection":"ZeroMinusTick","trdMatchID":"04e50118-5db1-8db3-f619-5f02979140ce","grossValue":36677255,"homeNotional":0.36677255,"foreignNotional":2617},{"timestamp":"2019-12-22T05:21:46.322Z","symbol":"XBTUSD","side":"Sell","size":23,"price":7135,"tickDirection":"ZeroMinusTick","trdMatchID":"51d09699-4c67-ded2-f748-b1b38f738cba","grossValue":322345,"homeNotional":0.00322345,"foreignNotional":23},{"timestamp":"2019-12-22T05:21:46.322Z","symbol":"XBTUSD","side":"Sell","size":20,"price":7135,"tickDirection":"ZeroMinusTick","trdMatchID":"ba4ac9a8-dd55-acb3-9657-c2d0757aec24","grossValue":280300,"homeNotional":0.002803,"foreignNotional":20},{"timestamp":"2019-12-22T05:21:46.322Z","symbol":"XBTUSD","side":"Sell","size":37,"price":7135,"tickDirection":"ZeroMinusTick","trdMatchID":"9e5a8f5a-02a7-7ba9-83d5-88e6ceb8626d","grossValue":518555,"homeNotional":0.00518555,"foreignNotional":37},{"timestamp":"2019-12-22T05:21:46.322Z","symbol":"XBTUSD","side":"Sell","size":400,"price":7135,"tickDirection":"ZeroMinusTick","trdMatchID":"044f3d7f-02fc-b9bd-5362-a72827b18507","grossValue":5606000,"homeNotional":0.05606,"foreignNotional":400},{"timestamp":"2019-12-22T05:21:46.322Z","symbol":"XBTUSD","side":"Sell","size":50,"price":7135,"tickDirection":"ZeroMinusTick","trdMatchID":"31217cfc-f8f5-1953-9db6-aeb39e423ec1","grossValue":700750,"homeNotional":0.0070075,"foreignNotional":50},{"timestamp":"2019-12-22T05:21:46.322Z","symbol":"XBTUSD","side":"Sell","size":4761,"price":7135,"tickDirection":"ZeroMinusTick","trdMatchID":"8837c987-cc9c-732e-00d7-c409105b985b","grossValue":66725415,"homeNotional":0.66725415,"foreignNotional":4761},{"timestamp":"2019-12-22T05:21:46.322Z","symbol":"XBTUSD","side":"Sell","size":37,"price":7135,"tickDirection":"ZeroMinusTick","trdMatchID":"0d10da16-13ab-1533-58ac-81d07c1ab931","grossValue":518555,"homeNotional":0.00518555,"foreignNotional":37},{"timestamp":"2019-12-22T05:21:46.322Z","symbol":"XBTUSD","side":"Sell","size":2055,"price":7135,"tickDirection":"ZeroMinusTick","trdMatchID":"165e7fea-2672-23ba-b729-a28c8a327237","grossValue":28800825,"homeNotional":0.28800825,"foreignNotional":2055}]}
{"table":"trade","action":"insert","data":[{"timestamp":"2019-12-22T05:21:48.774Z","symbol":"XBTUSD","side":"Sell","size":100,"price":7135,"tickDirection":"ZeroMinusTick","trdMatchID":"6b58ac7d-f6f8-7688-2829-4a9fe1105442","grossValue":1401500,"homeNotional":0.014015,"foreignNotional":100}]}
{"table":"trade","action":"insert","data":[{"timestamp":"2019-12-22T05:21:49.704Z","symbol":"XBTUSD","side":"Sell","size":756,"price":7135,"tickDirection":"ZeroMinusTick","trdMatchID":"a34a05a0-691e-bfb4-504b-9bec5a7188a1","grossValue":10595340,"homeNotional":0.1059534,"foreignNotional":756},{"timestamp":"2019-12-22T05:21:49.704Z","symbol":"XBTUSD","side":"Sell","size":57,"price":7135,"tickDirection":"ZeroMinusTick","trdMatchID":"cf1c4046-d2b9-5f2b-8985-9861d963cf9f","grossValue":798855,"homeNotional":0.00798855,"foreignNotional":57},{"timestamp":"2019-12-22T05:21:49.704Z","symbol":"XBTUSD","side":"Sell","size":2500,"price":7135,"tickDirection":"ZeroMinusTick","trdMatchID":"7daef432-7cd0-3a80-ac3e-885403d71d74","grossValue":35037500,"homeNotional":0.350375,"foreignNotional":2500},{"timestamp":"2019-12-22T05:21:49.704Z","symbol":"XBTUSD","side":"Sell","size":6687,"price":7135,"tickDirection":"ZeroMinusTick","trdMatchID":"2614941f-eeea-3475-e883-246406e9e194","grossValue":93718305,"homeNotional":0.93718305,"foreignNotional":6687}]}
{"table":"trade","action":"insert","data":[{"timestamp":"2019-12-22T05:21:50.273Z","symbol":"XBTUSD","side":"Sell","size":4000,"price":7135,"tickDirection":"ZeroMinusTick","trdMatchID":"b9f41f67-e43b-abfb-7752-4ea3a35ff568","grossValue":56060000,"homeNotional":0.5606,"foreignNotional":4000}]}
{"table":"trade","action":"insert","data":[{"timestamp":"2019-12-22T05:21:53.370Z","symbol":"XBTUSD","side":"Sell","size":103,"price":7135,"tickDirection":"ZeroMinusTick","trdMatchID":"56bafa1a-90fd-17ce-2dd0-a686b4a1570e","grossValue":1443545,"homeNotional":0.01443545,"foreignNotional":103},{"timestamp":"2019-12-22T05:21:53.370Z","symbol":"XBTUSD","side":"Sell","size":250,"price":7135,"tickDirection":"ZeroMinusTick","trdMatchID":"6df9a41d-79ec-5b70-5140-0b564380e4b9","grossValue":3503750,"homeNotional":0.0350375,"foreignNotional":250},{"timestamp":"2019-12-22T05:21:53.370Z","symbol":"XBTUSD","side":"Sell","size":125,"price":7135,"tickDirection":"ZeroMinusTick","trdMatchID":"9a780daf-5aef-3185-3f89-d8936d5fba6e","grossValue":1751875,"homeNotional":0.01751875,"foreignNotional":125},{"timestamp":"2019-12-22T05:21:53.370Z","symbol":"XBTUSD","side":"Sell","size":166,"price":7135,"tickDirection":"ZeroMinusTick","trdMatchID":"c2c5b05d-d5f2-a6ab-e056-effbb2a8da25","grossValue":2326490,"homeNotional":0.0232649,"foreignNotional":166},{"timestamp":"2019-12-22T05:21:53.370Z","symbol":"XBTUSD","side":"Sell","size":36,"price":7135,"tickDirection":"ZeroMinusTick","trdMatchID":"7c7b88b4-15ad-22a1-7af6-c89ca991ed28","grossValue":504540,"homeNotional":0.0050454,"foreignNotional":36},{"timestamp":"2019-12-22T05:21:53.370Z","symbol":"XBTUSD","side":"Sell","size":1159,"price":7135,"tickDirection":"ZeroMinusTick","trdMatchID":"82fea671-a13c-2c14-373e-2846d78bc951","grossValue":16243385,"homeNotional":0.16243385,"foreignNotional":1159},{"timestamp":"2019-12-22T05:21:53.370Z","symbol":"XBTUSD","side":"Sell","size":150,"price":7135,"tickDirection":"ZeroMinusTick","trdMatchID":"468e04c3-48c0-c66a-93ed-3899bfa43394","grossValue":2102250,"homeNotional":0.0210225,"foreignNotional":150},{"timestamp":"2019-12-22T05:21:53.370Z","symbol":"XBTUSD","side":"Sell","size":40,"price":7135,"tickDirection":"ZeroMinusTick","trdMatchID":"f0f659cf-3ff8-1a6f-8211-a1a6cf48b526","grossValue":560600,"homeNotional":0.005606,"foreignNotional":40},{"timestamp":"2019-12-22T05:21:53.370Z","symbol":"XBTUSD","side":"Sell","size":22,"price":7135,"tickDirection":"ZeroMinusTick","trdMatchID":"7f5f3c0e-afa5-72ac-eaba-c9e2a192b775","grossValue":308330,"homeNotional":0.0030833,"foreignNotional":22},{"timestamp":"2019-12-22T05:21:53.370Z","symbol":"XBTUSD","side":"Sell","size":34,"price":7135,"tickDirection":"ZeroMinusTick","trdMatchID":"a60bfdb7-2630-2c09-1373-d6ea2935f2b6","grossValue":476510,"homeNotional":0.0047651,"foreignNotional":34},{"timestamp":"2019-12-22T05:21:53.370Z","symbol":"XBTUSD","side":"Sell","size":18,"price":7135,"tickDirection":"ZeroMinusTick","trdMatchID":"6bf2baad-0912-7d48-655b-456d843231ca","grossValue":252270,"homeNotional":0.0025227,"foreignNotional":18},{"timestamp":"2019-12-22T05:21:53.370Z","symbol":"XBTUSD","side":"Sell","size":19,"price":7135,"tickDirection":"ZeroMinusTick","trdMatchID":"5afabcbb-ffe5-2a32-72de-219dcbeed51e","grossValue":266285,"homeNotional":0.00266285,"foreignNotional":19},{"timestamp":"2019-12-22T05:21:53.370Z","symbol":"XBTUSD","side":"Sell","size":25,"price":7135,"tickDirection":"ZeroMinusTick","trdMatchID":"885e00ce-16fc-648f-d6e4-38841c4cdb0b","grossValue":350375,"homeNotional":0.00350375,"foreignNotional":25},{"timestamp":"2019-12-22T05:21:53.370Z","symbol":"XBTUSD","side":"Sell","size":18,"price":7135,"tickDirection":"ZeroMinusTick","trdMatchID":"9aaf6957-0711-c1f0-6b6c-77801d289e28","grossValue":252270,"homeNotional":0.0025227,"foreignNotional":18},{"timestamp":"2019-12-22T05:21:53.370Z","symbol":"XBTUSD","side":"Sell","size":45,"price":7135,"tickDirection":"ZeroMinusTick","trdMatchID":"d79446d1-3458-9f4c-21f1-445389781d92","grossValue":630675,"homeNotional":0.00630675,"foreignNotional":45},{"timestamp":"2019-12-22T05:21:53.370Z","symbol":"XBTUSD","side":"Sell","size":21,"price":7135,"tickDirection":"ZeroMinusTick","trdMatchID":"0a63dd6c-3bd0-1149-a34f-62c521ae693e","grossValue":294315,"homeNotional":0.00294315,"foreignNotional":21},{"timestamp":"2019-12-22T05:21:53.370Z","symbol":"XBTUSD","side":"Sell","size":18,"price":7135,"tickDirection":"ZeroMinusTick","trdMatchID":"2f866918-83f8-4636-ca9f-7bb0616f10b1","grossValue":252270,"homeNotional":0.0025227,"foreignNotional":18},{"timestamp":"2019-12-22T05:21:53.370Z","symbol":"XBTUSD","side":"Sell","size":200,"price":7135,"tickDirection":"ZeroMinusTick","trdMatchID":"33801d03-8720-c7fa-6637-60cdcf3cd6c9","grossValue":2803000,"homeNotional":0.02803,"foreignNotional":200},{"timestamp":"2019-12-22T05:21:53.370Z","symbol":"XBTUSD","side":"Sell","size":6206,"price":7135,"tickDirection":"ZeroMinusTick","trdMatchID":"e7a9a09c-e352-7baf-9a27-cd81e49212f0","grossValue":86977090,"homeNotional":0.8697709,"foreignNotional":6206}]}
{"table":"trade","action":"insert","data":[{"timestamp":"2019-12-22T05:21:54.101Z","symbol":"XBTUSD","side":"Sell","size":500,"price":7135,"tickDirection":"ZeroMinusTick","trdMatchID":"842a8141-936d-08f0-9d7b-3b1828ad9aa7","grossValue":7007500,"homeNotional":0.070075,"foreignNotional":500}]}
{"table":"trade","action":"insert","data":[{"timestamp":"2019-12-22T05:21:54.173Z","symbol":"XBTUSD","side":"Sell","size":100,"price":7135,"tickDirection":"ZeroMinusTick","trdMatchID":"26eeebd9-c912-eddd-3916-22d1f98c2264","grossValue":1401500,"homeNotional":0.014015,"foreignNotional":100}]}
{"table":"trade","action":"insert","data":[{"timestamp":"2019-12-22T05:21:54.228Z","symbol":"XBTUSD","side":"Sell","size":2500,"price":7135,"tickDirection":"ZeroMinusTick","trdMatchID":"ec914cab-1d59-000a-24ef-a17ab9abade1","grossValue":35037500,"homeNotional":0.350375,"foreignNotional":2500}]}
{"table":"trade","action":"insert","data":[{"timestamp":"2019-12-22T05:21:55.227Z","symbol":"XBTUSD","side":"Sell","size":694,"price":7135,"tickDirection":"ZeroMinusTick","trdMatchID":"ba7ec076-eb8d-36c4-3ebe-221d5a8ea181","grossValue":9726410,"homeNotional":0.0972641,"foreignNotional":694},{"timestamp":"2019-12-22T05:21:55.227Z","symbol":"XBTUSD","side":"Sell","size":2560,"price":7135,"tickDirection":"ZeroMinusTick","trdMatchID":"604c78cb-1945-573d-ca82-768b1a2e00b6","grossValue":35878400,"homeNotional":0.358784,"foreignNotional":2560},{"timestamp":"2019-12-22T05:21:55.227Z","symbol":"XBTUSD","side":"Sell","size":56,"price":7135,"tickDirection":"ZeroMinusTick","trdMatchID":"0ca8abf4-69d8-cdf0-f784-199ea0521770","grossValue":784840,"homeNotional":0.0078484,"foreignNotional":56},{"timestamp":"2019-12-22T05:21:55.227Z","symbol":"XBTUSD","side":"Sell","size":20,"price":7135,"tickDirection":"ZeroMinusTick","trdMatchID":"85b69e42-417e-0972-716c-45fbfdeba01f","grossValue":280300,"homeNotional":0.002803,"foreignNotional":20},{"timestamp":"2019-12-22T05:21:55.227Z","symbol":"XBTUSD","side":"Sell","size":1196,"price":7135,"tickDirection":"ZeroMinusTick","trdMatchID":"d80a5e86-51b4-650e-4a82-3903a624806a","grossValue":16761940,"homeNotional":0.1676194,"foreignNotional":1196},{"timestamp":"2019-12-22T05:21:55.227Z","symbol":"XBTUSD","side":"Sell","size":53,"price":7135,"tickDirection":"ZeroMinusTick","trdMatchID":"a9fb51b0-e0e4-4c1d-1e0b-a2273decf971","grossValue":742795,"homeNotional":0.00742795,"foreignNotional":53},{"timestamp":"2019-12-22T05:21:55.227Z","symbol":"XBTUSD","side":"Sell","size":100,"price":7135,"tickDirection":"ZeroMinusTick","trdMatchID":"1d847ce5-f277-2620-e9cb-0a11c18f3daf","grossValue":1401500,"homeNotional":0.014015,"foreignNotional":100},{"timestamp":"2019-12-22T05:21:55.227Z","symbol":"XBTUSD","side":"Sell","size":321,"price":7135,"tickDirection":"ZeroMinusTick","trdMatchID":"51eaa139-cb86-e395-cbe1-9d4a7536f23e","grossValue":4498815,"homeNotional":0.04498815,"foreignNotional":321}]}
{"table":"trade","action":"insert","data":[{"timestamp":"2019-12-22T05:21:55.773Z","symbol":"XBTUSD","side":"Sell","size":25,"price":7135,"tickDirection":"ZeroMinusTick","trdMatchID":"f1ed4693-595f-bdcf-2a63-98d750938762","grossValue":350375,"homeNotional":0.00350375,"foreignNotional":25}]}
{"table":"trade","action":"insert","data":[{"timestamp":"2019-12-22T05:22:01.368Z","symbol":"XBTUSD","side":"Sell","size":100,"price":7135,"tickDirection":"MinusTick","trdMatchID":"03f27b87-3eb7-4ada-d879-c674d45559c0","grossValue":1401500,"homeNotional":0.014015,"foreignNotional":100}]}
{"table":"trade","action":"insert","data":[{"timestamp":"2019-12-22T05:22:01.416Z","symbol":"XBTUSD","side":"Sell","size":100,"price":7135,"tickDirection":"ZeroMinusTick","trdMatchID":"df03e983-7147-f1b5-603a-427a9f91b4ab","grossValue":1401500,"homeNotional":0.014015,"foreignNotional":100}]}
{"table":"trade","action":"insert","data":[{"timestamp":"2019-12-22T05:22:02.545Z","symbol":"XBTUSD","side":"Sell","size":100,"price":7135,"tickDirection":"ZeroMinusTick","trdMatchID":"724b1384-efe3-2a0e-68a9-bbb91a9fb065","grossValue":1401500,"homeNotional":0.014015,"foreignNotional":100}]}
{"table":"trade","action":"insert","data":[{"timestamp":"2019-12-22T05:22:03.168Z","symbol":"XBTUSD","side":"Sell","size":100,"price":7135,"tickDirection":"ZeroMinusTick","trdMatchID":"ad719922-03d9-0284-28c2-56581ad8bde5","grossValue":1401500,"homeNotional":0.014015,"foreignNotional":100}]}
{"table":"trade","action":"insert","data":[{"timestamp":"2019-12-22T05:22:03.666Z","symbol":"XBTUSD","side":"Sell","size":100,"price":7135,"tickDirection":"ZeroMinusTick","trdMatchID":"72abc523-5dec-ebe2-267a-9056cbd01101","grossValue":1401500,"homeNotional":0.014015,"foreignNotional":100}]}
{"table":"trade","action":"insert","data":[{"timestamp":"2019-12-22T05:22:04.863Z","symbol":"XBTUSD","side":"Sell","size":100,"price":7135,"tickDirection":"MinusTick","trdMatchID":"f14c6059-950a-77eb-b221-39b688363452","grossValue":1401500,"homeNotional":0.014015,"foreignNotional":100}]}
{"table":"trade","action":"insert","data":[{"timestamp":"2019-12-22T05:22:05.080Z","symbol":"XBTUSD","side":"Sell","size":500,"price":7135,"tickDirection":"ZeroMinusTick","trdMatchID":"a0956826-6db9-b371-28e9-15686dffc0c0","grossValue":7007500,"homeNotional":0.070075,"foreignNotional":500}]}
{"table":"trade","action":"insert","data":[{"timestamp":"2019-12-22T05:22:08.847Z","symbol":"XBTUSD","side":"Sell","size":500,"price":7135,"tickDirection":"ZeroMinusTick","trdMatchID":"d76e2163-48a5-e58c-f174-d8d1b59e12e1","grossValue":7007500,"homeNotional":0.070075,"foreignNotional":500}]}
{"table":"trade","action":"insert","data":[{"timestamp":"2019-12-22T05:22:09.923Z","symbol":"XBTUSD","side":"Sell","size":119,"price":7135,"tickDirection":"ZeroMinusTick","trdMatchID":"976b0cd4-0624-c9ca-6d03-0eb4f5e9222c","grossValue":1667785,"homeNotional":0.01667785,"foreignNotional":119},{"timestamp":"2019-12-22T05:22:09.923Z","symbol":"XBTUSD","side":"Sell","size":20,"price":7135,"tickDirection":"ZeroMinusTick","trdMatchID":"801b849f-42d8-09c6-2da8-aca375174251","grossValue":280300,"homeNotional":0.002803,"foreignNotional":20},{"timestamp":"2019-12-22T05:22:09.923Z","symbol":"XBTUSD","side":"Sell","size":861,"price":7135,"tickDirection":"ZeroMinusTick","trdMatchID":"c18066d0-c108-ac07-ada5-1b5b77166792","grossValue":12066915,"homeNotional":0.12066915,"foreignNotional":861}]}
{"table":"trade","action":"insert","data":[{"timestamp":"2019-12-22T05:22:11.480Z","symbol":"XBTUSD","side":"Sell","size":50,"price":7135,"tickDirection":"ZeroMinusTick","trdMatchID":"435647db-9064-65e6-b1e4-1ecbeef845b1","grossValue":700750,"homeNotional":0.0070075,"foreignNotional":50}]}
{"table":"trade","action":"insert","data":[{"timestamp":"2019-12-22T05:22:11.647Z","symbol":"XBTUSD","side":"Sell","size":100,"price":7135,"tickDirection":"ZeroMinusTick","trdMatchID":"759bddd0-eca5-6859-728c-7aa1323d790d","grossValue":1401500,"homeNotional":0.014015,"foreignNotional":100}]}
{"table":"trade","action":"insert","data":[{"timestamp":"2019-12-22T05:22:16.156Z","symbol":"XBTUSD","side":"Sell","size":477,"price":7135,"tickDirection":"ZeroMinusTick","trdMatchID":"2a747873-34e9-980c-2738-7beb3d768dcc","grossValue":6685155,"homeNotional":0.06685155,"foreignNotional":477},{"timestamp":"2019-12-22T05:22:16.156Z","symbol":"XBTUSD","side":"Sell","size":23,"price":7135,"tickDirection":"ZeroMinusTick","trdMatchID":"7cb0aaba-392f-1da3-4988-31a0c8991ca0","grossValue":322345,"homeNotional":0.00322345,"foreignNotional":23}]}
{"table":"trade","action":"insert","data":[{"timestamp":"2019-12-22T05:22:19.193Z","symbol":"XBTUSD","side":"Sell","size":17,"price":7135,"tickDirection":"ZeroMinusTick","trdMatchID":"ea9fe941-f70b-b98e-1c73-0fbf09a4a91d","grossValue":238255,"homeNotional":0.00238255,"foreignNotional":17},{"timestamp":"2019-12-22T05:22:19.193Z","symbol":"XBTUSD","side":"Sell","size":53,"price":7135,"tickDirection":"ZeroMinusTick","trdMatchID":"6dd818a6-1d9d-93b0-8142-fc797739f72b","grossValue":742795,"homeNotional":0.00742795,"foreignNotional":53},{"timestamp":"2019-12-22T05:22:19.193Z","symbol":"XBTUSD","side":"Sell","size":51,"price":7135,"tickDirection":"ZeroMinusTick","trdMatchID":"74911f3d-083c-849a-731a-9ec26dc6f709","grossValue":714765,"homeNotional":0.00714765,"foreignNotional":51},{"timestamp":"2019-12-22T05:22:19.193Z","symbol":"XBTUSD","side":"Sell","size":56,"price":7135,"tickDirection":"ZeroMinusTick","trdMatchID":"53d71874-6f32-7723-d457-4cbd1a782d78","grossValue":784840,"homeNotional":0.0078484,"foreignNotional":56},{"timestamp":"2019-12-22T05:22:19.193Z","symbol":"XBTUSD","side":"Sell","size":744,"price":7135,"tickDirection":"ZeroMinusTick","trdMatchID":"3fbc3d05-ac2e-d0b9-74d1-44391139b525","grossValue":10427160,"homeNotional":0.1042716,"foreignNotional":744},{"timestamp":"2019-12-22T05:22:19.193Z","symbol":"XBTUSD","side":"Sell","size":18,"price":7135,"tickDirection":"ZeroMinusTick","trdMatchID":"d7b48b67-dc5c-48bd-6b5e-f05cf1dc3689","grossValue":252270,"homeNotional":0.0025227,"foreignNotional":18},{"timestamp":"2019-12-22T05:22:19.193Z","symbol":"XBTUSD","side":"Sell","size":125,"price":7135,"tickDirection":"ZeroMinusTick","trdMatchID":"3e0b93db-0fb4-b10c-c661-764054e38fd7","grossValue":1751875,"homeNotional":0.01751875,"foreignNotional":125},{"timestamp":"2019-12-22T05:22:19.193Z","symbol":"XBTUSD","side":"Sell","size":100,"price":7135,"tickDirection":"ZeroMinusTick","trdMatchID":"1a1d03fe-9072-d358-fe34-d5add722784e","grossValue":1401500,"homeNotional":0.014015,"foreignNotional":100},{"timestamp":"2019-12-22T05:22:19.193Z","symbol":"XBTUSD","side":"Sell","size":18,"price":7135,"tickDirection":"ZeroMinusTick","trdMatchID":"bebb4711-f1a8-6332-e0e4-5a6466f456e5","grossValue":252270,"homeNotional":0.0025227,"foreignNotional":18},{"timestamp":"2019-12-22T05:22:19.193Z","symbol":"XBTUSD","side":"Sell","size":32,"price":7135,"tickDirection":"ZeroMinusTick","trdMatchID":"bc82e1a8-e085-a755-e839-c37045ad4c20","grossValue":448480,"homeNotional":0.0044848,"foreignNotional":32},{"timestamp":"2019-12-22T05:22:19.193Z","symbol":"XBTUSD","side":"Sell","size":618,"price":7135,"tickDirection":"ZeroMinusTick","trdMatchID":"7713c83e-c7ce-4052-880d-aadf4ba31f8b","grossValue":8661270,"homeNotional":0.0866127,"foreignNotional":618}]}
{"table":"trade","action":"insert","data":[{"timestamp":"2019-12-22T05:22:19.373Z","symbol":"XBTUSD","side":"Sell","size":50,"price":7135,"tickDirection":"ZeroMinusTick","trdMatchID":"a8052f23-f5be-d802-1dac-71be82ebf3ad","grossValue":700750,"homeNotional":0.0070075,"foreignNotional":50}]}
{"table":"trade","action":"insert","data":[{"timestamp":"2019-12-22T05:22:20.849Z","symbol":"XBTUSD","side":"Sell","size":2332,"price":7135,"tickDirection":"ZeroMinusTick","trdMatchID":"2f9f098c-b4a4-6acd-f8db-782fbcba186c","grossValue":32682980,"homeNotional":0.3268298,"foreignNotional":2332},{"timestamp":"2019-12-22T05:22:20.849Z","symbol":"XBTUSD","side":"Sell","size":1200,"price":7135,"tickDirection":"ZeroMinusTick","trdMatchID":"2aff9ff0-696c-305e-e5dc-6c2956c36ef2","grossValue":16818000,"homeNotional":0.16818,"foreignNotional":1200},{"timestamp":"2019-12-22T05:22:20.849Z","symbol":"XBTUSD","side":"Sell","size":37,"price":7135,"tickDirection":"ZeroMinusTick","trdMatchID":"8bcb7b66-16d3-34c1-c732-23b82a8257a3","grossValue":518555,"homeNotional":0.00518555,"foreignNotional":37},{"timestamp":"2019-12-22T05:22:20.849Z","symbol":"XBTUSD","side":"Sell","size":2500,"price":7135,"tickDirection":"ZeroMinusTick","trdMatchID":"12378e56-6045-62bc-20fd-05950ded5159","grossValue":35037500,"homeNotional":0.350375,"foreignNotional":2500},{"timestamp":"2019-12-22T05:22:20.849Z","symbol":"XBTUSD","side":"Sell","size":20,"price":7135,"tickDirection":"ZeroMinusTick","trdMatchID":"95e74986-ab5d-5356-0b47-cb632a4ff54e","grossValue":280300,"homeNotional":0.002803,"foreignNotional":20},{"timestamp":"2019-12-22T05:22:20.849Z","symbol":"XBTUSD","side":"Sell","size":1711,"price":7135,"tickDirection":"ZeroMinusTick","trdMatchID":"a34cc86a-ae9a-9278-6cff-1ed03b845180","grossValue":23979665,"homeNotional":0.23979665,"foreignNotional":1711}]}
{"table":"trade","action":"insert","data":[{"timestamp":"2019-12-22T05:22:21.226Z","symbol":"XBTUSD","side":"Sell","size":8025,"price":7135,"tickDirection":"ZeroMinusTick","trdMatchID":"042feccf-82eb-3e80-8931-b8ee7f31cfb1","grossValue":112470375,"homeNotional":1.12470375,"foreignNotional":8025},{"timestamp":"2019-12-22T05:22:21.226Z","symbol":"XBTUSD","side":"Sell","size":50,"price":7135,"tickDirection":"ZeroMinusTick","trdMatchID":"4b3f90e4-0857-5d23-e273-1452871a27fe","grossValue":700750,"homeNotional":0.0070075,"foreignNotional":50},{"timestamp":"2019-12-22T05:22:21.226Z","symbol":"XBTUSD","side":"Sell","size":125,"price":7135,"tickDirection":"ZeroMinusTick","trdMatchID":"04544b5c-8960-219a-e3b7-99fb73a3b298","grossValue":1751875,"homeNotional":0.01751875,"foreignNotional":125}]}
{"table":"trade","action":"insert","data":[{"timestamp":"2019-12-22T05:22:22.279Z","symbol":"XBTUSD","side":"Sell","size":750,"price":7135,"tickDirection":"ZeroMinusTick","trdMatchID":"f820ebfd-fb57-6fbf-7e29-c3838a83f826","grossValue":10511250,"homeNotional":0.1051125,"foreignNotional":750}]}
{"table":"trade","action":"insert","data":[{"timestamp":"2019-12-22T05:22:23.639Z","symbol":"XBTUSD","side":"Sell","size":122,"price":7135,"tickDirection":"ZeroMinusTick","trdMatchID":"2237dd3a-a199-14fc-7417-68c57236da05","grossValue":1709830,"homeNotional":0.0170983,"foreignNotional":122},{"timestamp":"2019-12-22T05:22:23.639Z","symbol":"XBTUSD","side":"Sell","size":18,"price":7135,"tickDirection":"ZeroMinusTick","trdMatchID":"1136c675-449a-83b1-19dc-2ac12ec85c3e","grossValue":252270,"homeNotional":0.0025227,"foreignNotional":18},{"timestamp":"2019-12-22T05:22:23.639Z","symbol":"XBTUSD","side":"Sell","size":57,"price":7135,"tickDirection":"ZeroMinusTick","trdMatchID":"d35eb3c0-eb8a-98dc-7bc5-0b67977ef3ef","grossValue":798855,"homeNotional":0.00798855,"foreignNotional":57},{"timestamp":"2019-12-22T05:22:23.639Z","symbol":"XBTUSD","side":"Sell","size":9,"price":7135,"tickDirection":"ZeroMinusTick","trdMatchID":"6d0fcb54-d5c2-9e7e-cc24-a3fe437d4768","grossValue":126135,"homeNotional":0.00126135,"foreignNotional":9},{"timestamp":"2019-12-22T05:22:23.639Z","symbol":"XBTUSD","side":"Sell","size":100,"price":7135,"tickDirection":"ZeroMinusTick","trdMatchID":"0b81c344-d777-ce1e-a160-48a93a59e8ff","grossValue":1401500,"homeNotional":0.014015,"foreignNotional":100},{"timestamp":"2019-12-22T05:22:23.639Z","symbol":"XBTUSD","side":"Sell","size":25,"price":7135,"tickDirection":"ZeroMinusTick","trdMatchID":"aad8a5d5-a149-0801-d243-cd64d9b1aaa8","grossValue":350375,"homeNotional":0.00350375,"foreignNotional":25},{"timestamp":"2019-12-22T05:22:23.639Z","symbol":"XBTUSD","side":"Sell","size":15,"price":7135,"tickDirection":"ZeroMinusTick","trdMatchID":"70fc9606-d8b3-ab72-d588-da3bf531196d","grossValue":210225,"homeNotional":0.00210225,"foreignNotional":15},{"timestamp":"2019-12-22T05:22:23.639Z","symbol":"XBTUSD","side":"Sell","size":100,"price":7135,"tickDirection":"ZeroMinusTick","trdMatchID":"25c004f1-4837-2e58-462b-d3920fb9491a","grossValue":1401500,"homeNotional":0.014015,"foreignNotional":100},{"timestamp":"2019-12-22T05:22:23.639Z","symbol":"XBTUSD","side":"Sell","size":34,"price":7135,"tickDirection":"ZeroMinusTick","trdMatchID":"92fac42a-736c-38d9-c29a-17b06986f7a3","grossValue":476510,"homeNotional":0.0047651,"foreignNotional":34},{"timestamp":"2019-12-22T05:22:23.639Z","symbol":"XBTUSD","side":"Sell","size":5154,"price":7135,"tickDirection":"ZeroMinusTick","trdMatchID":"51e1a493-3ab4-c22a-026c-dbfc207ef1fd","grossValue":72233310,"homeNotional":0.7223331,"foreignNotional":5154}]}
{"table":"trade","action":"insert","data":[{"timestamp":"2019-12-22T05:22:23.709Z","symbol":"XBTUSD","side":"Sell","size":1987,"price":7135,"tickDirection":"ZeroMinusTick","trdMatchID":"be9def07-4058-fedc-533f-a7882d942879","grossValue":27847805,"homeNotional":0.27847805,"foreignNotional":1987},{"timestamp":"2019-12-22T05:22:23.709Z","symbol":"XBTUSD","side":"Sell","size":21,"price":7135,"tickDirection":"ZeroMinusTick","trdMatchID":"74ad7e7e-f214-0606-44e7-d11f00e31fa0","grossValue":294315,"homeNotional":0.00294315,"foreignNotional":21},{"timestamp":"2019-12-22T05:22:23.709Z","symbol":"XBTUSD","side":"Sell","size":18,"price":7135,"tickDirection":"ZeroMinusTick","trdMatchID":"842fa92e-992f-a48d-ddc2-967222606caf","grossValue":252270,"homeNotional":0.0025227,"foreignNotional":18},{"timestamp":"2019-12-22T05:22:23.709Z","symbol":"XBTUSD","side":"Sell","size":45,"price":7135,"tickDirection":"ZeroMinusTick","trdMatchID":"258ceff3-f703-fbdf-aeed-8d9776db2ef7","grossValue":630675,"homeNotional":0.00630675,"foreignNotional":45},{"timestamp":"2019-12-22T05:22:23.709Z","symbol":"XBTUSD","side":"Sell","size":20,"price":7135,"tickDirection":"ZeroMinusTick","trdMatchID":"271a5b97-7712-c2cf-5f56-f3abc2fcddab","grossValue":280300,"homeNotional":0.002803,"foreignNotional":20},{"timestamp":"2019-12-22T05:22:23.709Z","symbol":"XBTUSD","side":"Sell","size":56,"price":7135,"tickDirection":"ZeroMinusTick","trdMatchID":"5820a42e-ec70-37c2-a2da-deb2a3bd9caa","grossValue":784840,"homeNotional":0.0078484,"foreignNotional":56},{"timestamp":"2019-12-22T05:22:23.709Z","symbol":"XBTUSD","side":"Sell","size":250,"price":7135,"tickDirection":"ZeroMinusTick","trdMatchID":"fc10e21e-d66a-f02a-8aeb-dcad77747427","grossValue":3503750,"homeNotional":0.0350375,"foreignNotional":250},{"timestamp":"2019-12-22T05:22:23.709Z","symbol":"XBTUSD","side":"Sell","size":103,"price":7135,"tickDirection":"ZeroMinusTick","trdMatchID":"e12fa7d0-4d9c-c09a-36f3-73eecdef76d4","grossValue":1443545,"homeNotional":0.01443545,"foreignNotional":103}]}
{"table":"trade","action":"insert","data":[{"timestamp":"2019-12-22T05:22:23.753Z","symbol":"XBTUSD","side":"Sell","size":14,"price":7135,"tickDirection":"ZeroMinusTick","trdMatchID":"8adc19c3-b2d8-bb50-32a0-c1ba24f7b356","grossValue":196210,"homeNotional":0.0019621,"foreignNotional":14}]}
{"table":"trade","action":"insert","data":[{"timestamp":"2019-12-22T05:22:23.963Z","symbol":"XBTUSD","side":"Sell","size":8,"price":7135,"tickDirection":"ZeroMinusTick","trdMatchID":"cc7851fd-9f8b-99e3-dd3c-a6f8699979dc","grossValue":112120,"homeNotional":0.0011212,"foreignNotional":8},{"timestamp":"2019-12-22T05:22:23.963Z","symbol":"XBTUSD","side":"Sell","size":53,"price":7135,"tickDirection":"ZeroMinusTick","trdMatchID":"87b7e409-526e-e3ca-0818-afeccdd039f6","grossValue":742795,"homeNotional":0.00742795,"foreignNotional":53},{"timestamp":"2019-12-22T05:22:23.963Z","symbol":"XBTUSD","side":"Sell","size":166,"price":7135,"tickDirection":"ZeroMinusTick","trdMatchID":"a954e492-29e4-690a-109a-eea7aac37dc6","grossValue":2326490,"homeNotional":0.0232649,"foreignNotional":166},{"timestamp":"2019-12-22T05:22:23.963Z","symbol":"XBTUSD","side":"Sell","size":250,"price":7135,"tickDirection":"ZeroMinusTick","trdMatchID":"70cbff17-bd68-8fb7-f0a0-30c7c4073b1a","grossValue":3503750,"homeNotional":0.0350375,"foreignNotional":250},{"timestamp":"2019-12-22T05:22:23.963Z","symbol":"XBTUSD","side":"Sell","size":30,"price":7135,"tickDirection":"ZeroMinusTick","trdMatchID":"74319062-622e-dc7b-3558-d5c44d1b3bd1","grossValue":420450,"homeNotional":0.0042045,"foreignNotional":30},{"timestamp":"2019-12-22T05:22:23.963Z","symbol":"XBTUSD","side":"Sell","size":30,"price":7135,"tickDirection":"ZeroMinusTick","trdMatchID":"4aae3b70-9fba-3aae-8efb-1955a1a38959","grossValue":420450,"homeNotional":0.0042045,"foreignNotional":30},{"timestamp":"2019-12-22T05:22:23.963Z","symbol":"XBTUSD","side":"Sell","size":30,"price":7135,"tickDirection":"ZeroMinusTick","trdMatchID":"676d32f9-2187-0388-5c5e-cd05ddc9cffd","grossValue":420450,"homeNotional":0.0042045,"foreignNotional":30},{"timestamp":"2019-12-22T05:22:23.963Z","symbol":"XBTUSD","side":"Sell","size":30,"price":7135,"tickDirection":"ZeroMinusTick","trdMatchID":"fa9c2c8d-91a1-3836-6d4e-9b0c707c297a","grossValue":420450,"homeNotional":0.0042045,"foreignNotional":30},{"timestamp":"2019-12-22T05:22:23.963Z","symbol":"XBTUSD","side":"Sell","size":34,"price":7135,"tickDirection":"ZeroMinusTick","trdMatchID":"8a98ed31-4d89-1e0f-f51f-782f4620bf00","grossValue":476510,"homeNotional":0.0047651,"foreignNotional":34},{"timestamp":"2019-12-22T05:22:23.963Z","symbol":"XBTUSD","side":"Sell","size":227,"price":7135,"tickDirection":"ZeroMinusTick","trdMatchID":"a7421ed9-0d87-b9ed-5ed4-5a0b773604ce","grossValue":3181405,"homeNotional":0.03181405,"foreignNotional":227},{"timestamp":"2019-12-22T05:22:23.963Z","symbol":"XBTUSD","side":"Sell","size":20,"price":7135,"tickDirection":"ZeroMinusTick","trdMatchID":"84c90bc6-3520-b9de-e9c5-98d9a897fb3c","grossValue":280300,"homeNotional":0.002803,"foreignNotional":20},{"timestamp":"2019-12-22T05:22:23.963Z","symbol":"XBTUSD","side":"Sell","size":7122,"price":7135,"tickDirection":"ZeroMinusTick","trdMatchID":"db8ab2ad-1770-6880-5377-a38cb91a4aa7","grossValue":99814830,"homeNotional":0.9981483,"foreignNotional":7122}]}
{"table":"trade","action":"insert","data":[{"timestamp":"2019-12-22T05:22:26.212Z","symbol":"XBTUSD","side":"Sell","size":40,"price":7135,"tickDirection":"ZeroMinusTick","trdMatchID":"e5cb6f51-988e-5511-8057-cd192a7fdcee","grossValue":560600,"homeNotional":0.005606,"foreignNotional":40},{"timestamp":"2019-12-22T05:22:26.212Z","symbol":"XBTUSD","side":"Sell","size":460,"price":7135,"tickDirection":"ZeroMinusTick","trdMatchID":"2851c9c6-6d6f-2e1f-5ab6-011abab6004c","grossValue":6446900,"homeNotional":0.064469,"foreignNotional":460}]}
{"table":"trade","action":"insert","data":[{"timestamp":"2019-12-22T05:22:26.642Z","symbol":"XBTUSD","side":"Sell","size":721,"price":7135,"tickDirection":"ZeroMinusTick","trdMatchID":"bcc97ccd-6479-5108-a87e-236dd7a50c78","grossValue":10104815,"homeNotional":0.10104815,"foreignNotional":721}]}
{"table":"trade","action":"insert","data":[{"timestamp":"2019-12-22T05:22:26.694Z","symbol":"XBTUSD","side":"Sell","size":344,"price":7135,"tickDirection":"ZeroMinusTick","trdMatchID":"b1d87b72-ff44-59a8-3485-155d33eb945c","grossValue":4821160,"homeNotional":0.0482116,"foreignNotional":344}]}
{"table":"trade","action":"insert","data":[{"timestamp":"2019-12-22T05:22:27.327Z","symbol":"XBTUSD","side":"Sell","size":975,"price":7135,"tickDirection":"ZeroMinusTick","trdMatchID":"ca2f7840-c048-a17d-2049-673bfbad1d94","grossValue":13664625,"homeNotional":0.13664625,"foreignNotional":975},{"timestamp":"2019-12-22T05:22:27.327Z","symbol":"XBTUSD","side":"Sell","size":25,"price":7135,"tickDirection":"ZeroMinusTick","trdMatchID":"85146731-59f7-cc86-72a7-8a258fc3a451","grossValue":350375,"homeNotional":0.00350375,"foreignNotional":25}]}
{"table":"trade","action":"insert","data":[{"timestamp":"2019-12-22T05:22:27.750Z","symbol":"XBTUSD","side":"Sell","size":75,"price":7135,"tickDirection":"ZeroMinusTick","trdMatchID":"2f665903-08e7-c5d5-907e-b07f742cc6d7","grossValue":1051125,"homeNotional":0.01051125,"foreignNotional":75},{"timestamp":"2019-12-22T05:22:27.750Z","symbol":"XBTUSD","side":"Sell","size":21,"price":7135,"tickDirection":"ZeroMinusTick","trdMatchID":"03bf3d28-258f-bd4a-060e-380e312d217f","grossValue":294315,"homeNotional":0.00294315,"foreignNotional":21},{"timestamp":"2019-12-22T05:22:27.750Z","symbol":"XBTUSD","side":"Sell","size":100,"price":7135,"tickDirection":"ZeroMinusTick","trdMatchID":"2a898ebc-8965-f47d-7c56-7153a30a6610","grossValue":1401500,"homeNotional":0.014015,"foreignNotional":100},{"timestamp":"2019-12-22T05:22:27.750Z","symbol":"XBTUSD","side":"Sell","size":20,"price":7135,"tickDirection":"ZeroMinusTick","trdMatchID":"b1fce848-3b60-6870-d779-c8c39ef7700c","grossValue":280300,"homeNotional":0.002803,"foreignNotional":20},{"timestamp":"2019-12-22T05:22:27.750Z","symbol":"XBTUSD","side":"Sell","size":20,"price":7135,"tickDirection":"ZeroMinusTick","trdMatchID":"d6b66188-e2ea-cd86-d764-03e7b38d45bc","grossValue":280300,"homeNotional":0.002803,"foreignNotional":20},{"timestamp":"2019-12-22T05:22:27.750Z","symbol":"XBTUSD","side":"Sell","size":764,"price":7135,"tickDirection":"ZeroMinusTick","trdMatchID":"a2559d8a-8b35-9994-f5d4-f250449915a7","grossValue":10707460,"homeNotional":0.1070746,"foreignNotional":764}]}
{"table":"trade","action":"insert","data":[{"timestamp":"2019-12-22T05:22:28.461Z","symbol":"XBTUSD","side":"Sell","size":1000,"price":7135,"tickDirection":"ZeroMinusTick","trdMatchID":"1af3f4fe-462d-d21e-a58c-f453ff1d77c0","grossValue":14015000,"homeNotional":0.14015,"foreignNotional":1000}]}
{"table":"trade","action":"insert","data":[{"timestamp":"2019-12-22T05:22:28.811Z","symbol":"XBTUSD","side":"Sell","size":2000,"price":7135,"tickDirection":"ZeroMinusTick","trdMatchID":"0b9853b2-54a8-c805-02bc-a043db7ae3bf","grossValue":28030000,"homeNotional":0.2803,"foreignNotional":2000},{"timestamp":"2019-12-22T05:22:28.811Z","symbol":"XBTUSD","side":"Sell","size":3500,"price":7135,"tickDirection":"ZeroMinusTick","trdMatchID":"137a408a-ae79-7e20-e7bb-ab819b037771","grossValue":49052500,"homeNotional":0.490525,"foreignNotional":3500}]}
{"table":"trade","action":"insert","data":[{"timestamp":"2019-12-22T05:22:29.712Z","symbol":"XBTUSD","side":"Sell","size":1000,"price":7135,"tickDirection":"ZeroMinusTick","trdMatchID":"e6192671-2f1d-dbd7-cdff-a6f81306d9d5","grossValue":14015000,"homeNotional":0.14015,"foreignNotional":1000}]}
{"table":"trade","action":"insert","data":[{"timestamp":"2019-12-22T05:22:30.984Z","symbol":"XBTUSD","side":"Sell","size":3343,"price":7135,"tickDirection":"MinusTick","trdMatchID":"a7ab749e-be67-0972-858e-132f0e041f3f","grossValue":46852145,"homeNotional":0.46852145,"foreignNotional":3343}]}
{"table":"trade","action":"insert","data":[{"timestamp":"2019-12-22T05:22:33.332Z","symbol":"XBTUSD","side":"Sell","size":100,"price":7135,"tickDirection":"ZeroMinusTick","trdMatchID":"605c520a-ef2e-c4c6-0f1e-36cc948b4592","grossValue":1401500,"homeNotional":0.014015,"foreignNotional":100},{"timestamp":"2019-12-22T05:22:33.332Z","symbol":"XBTUSD","side":"Sell","size":20,"price":7135,"tickDirection":"ZeroMinusTick","trdMatchID":"811e7f41-a6f4-9a9f-40e0-1c3b31d78458","grossValue":280300,"homeNotional":0.002803,"foreignNotional":20},{"timestamp":"2019-12-22T05:22:33.332Z","symbol":"XBTUSD","side":"Sell","size":1149,"price":7135,"tickDirection":"ZeroMinusTick","trdMatchID":"e7e27caf-4a4d-caeb-72a1-d7b8dab43145","grossValue":16103235,"homeNotional":0.16103235,"foreignNotional":1149}]}
{"table":"trade","action":"insert","data":[{"timestamp":"2019-12-22T05:22:33.988Z","symbol":"XBTUSD","side":"Sell","size":10,"price":7135,"tickDirection":"ZeroMinusTick","trdMatchID":"57527ea4-beac-3269-fd05-4ca2823c838c","grossValue":140150,"homeNotional":0.0014015,"foreignNotional":10}]}
{"table":"trade","action":"insert","data":[{"timestamp":"2019-12-22T05:22:34.345Z","symbol":"XBTUSD","side":"Sell","size":841,"price":7135,"tickDirection":"ZeroMinusTick","trdMatchID":"1affe4a2-4aea-9d77-30b9-48bb593f0194","grossValue":11786615,"homeNotional":0.11786615,"foreignNotional":841},{"timestamp":"2019-12-22T05:22:34.345Z","symbol":"XBTUSD","side":"Sell","size":20,"price":7135,"tickDirection":"ZeroMinusTick","trdMatchID":"ad540eae-76d5-3b97-2110-6299f14a815e","grossValue":280300,"homeNotional":0.002803,"foreignNotional":20},{"timestamp":"2019-12-22T05:22:34.345Z","symbol":"XBTUSD","side":"Sell","size":330,"price":7135,"tickDirection":"ZeroMinusTick","trdMatchID":"be556fa9-f5d3-d623-1c52-5a72f78a219b","grossValue":4624950,"homeNotional":0.0462495,"foreignNotional":330}]}
{"table":"trade","action":"insert","data":[{"timestamp":"2019-12-22T05:22:35.173Z","symbol":"XBTUSD","side":"Sell","size":1069,"price":7135,"tickDirection":"ZeroMinusTick","trdMatchID":"321b6870-c671-17ae-58b9-d796bf1a6330","grossValue":14982035,"homeNotional":0.14982035,"foreignNotional":1069}]}
{"table":"trade","action":"insert","data":[{"timestamp":"2019-12-22T05:22:37.729Z","symbol":"XBTUSD","side":"Sell","size":1101,"price":7135,"tickDirection":"ZeroMinusTick","trdMatchID":"cbad6dd6-2cff-d4bc-7bf5-e92b859e167d","grossValue":15430515,"homeNotional":0.15430515,"foreignNotional":1101},{"timestamp":"2019-12-22T05:22:37.729Z","symbol":"XBTUSD","side":"Sell","size":45,"price":7135,"tickDirection":"ZeroMinusTick","trdMatchID":"fc2acbc6-4a82-d2ff-eefe-457d28e29cc1","grossValue":630675,"homeNotional":0.00630675,"foreignNotional":45},{"timestamp":"2019-12-22T05:22:37.729Z","symbol":"XBTUSD","side":"Sell","size":21,"price":7135,"tickDirection":"ZeroMinusTick","trdMatchID":"84e2a66f-5d1f-4d98-4779-9006cd58fa06","grossValue":294315,"homeNotional":0.00294315,"foreignNotional":21},{"timestamp":"2019-12-22T05:22:37.729Z","symbol":"XBTUSD","side":"Sell","size":100,"price":7135,"tickDirection":"ZeroMinusTick","trdMatchID":"5fef3e80-13e0-5d7d-ae79-7c03ebd79474","grossValue":1401500,"homeNotional":0.014015,"foreignNotional":100},{"timestamp":"2019-12-22T05:22:37.729Z","symbol":"XBTUSD","side":"Sell","size":20,"price":7135,"tickDirection":"ZeroMinusTick","trdMatchID":"dbdcab12-bd21-e619-b975-de091469aafa","grossValue":280300,"homeNotional":0.002803,"foreignNotional":20},{"timestamp":"2019-12-22T05:22:37.729Z","symbol":"XBTUSD","side":"Sell","size":2000,"price":7135,"tickDirection":"ZeroMinusTick","trdMatchID":"956e4a75-6c69-c048-1f98-ea18a4200401","grossValue":28030000,"homeNotional":0.2803,"foreignNotional":2000},{"timestamp":"2019-12-22T05:22:37.729Z","symbol":"XBTUSD","side":"Sell","size":56,"price":7135,"tickDirection":"ZeroMinusTick","trdMatchID":"0835b2b8-77cb-94e1-c02d-e32de2035b01","grossValue":784840,"homeNotional":0.0078484,"foreignNotional":56},{"timestamp":"2019-12-22T05:22:37.729Z","symbol":"XBTUSD","side":"Sell","size":50,"price":7135,"tickDirection":"ZeroMinusTick","trdMatchID":"310f36d8-6126-e90e-7c88-88a74a99313f","grossValue":700750,"homeNotional":0.0070075,"foreignNotional":50},{"timestamp":"2019-12-22T05:22:37.729Z","symbol":"XBTUSD","side":"Sell","size":100,"price":7135,"tickDirection":"ZeroMinusTick","trdMatchID":"9c489ad9-da82-cf03-1194-a77a400fa540","grossValue":1401500,"homeNotional":0.014015,"foreignNotional":100},{"timestamp":"2019-12-22T05:22:37.729Z","symbol":"XBTUSD","side":"Sell","size":100,"price":7135,"tickDirection":"ZeroMinusTick","trdMatchID":"ab6cdd98-a0bb-1c27-d87f-b72008371f71","grossValue":1401500,"homeNotional":0.014015,"foreignNotional":100},{"timestamp":"2019-12-22T05:22:37.729Z","symbol":"XBTUSD","side":"Sell","size":100,"price":7135,"tickDirection":"ZeroMinusTick","trdMatchID":"9d852be8-2dbe-72a9-c2e0-b922db7c77ad","grossValue":1401500,"homeNotional":0.014015,"foreignNotional":100},{"timestamp":"2019-12-22T05:22:37.729Z","symbol":"XBTUSD","side":"Sell","size":100,"price":7135,"tickDirection":"ZeroMinusTick","trdMatchID":"2b246529-bb31-472c-5fb6-793058059b0a","grossValue":1401500,"homeNotional":0.014015,"foreignNotional":100},{"timestamp":"2019-12-22T05:22:37.729Z","symbol":"XBTUSD","side":"Sell","size":53,"price":7135,"tickDirection":"ZeroMinusTick","trdMatchID":"97edeba4-a78a-5eda-713f-95cd65df4b9d","grossValue":742795,"homeNotional":0.00742795,"foreignNotional":53},{"timestamp":"2019-12-22T05:22:37.729Z","symbol":"XBTUSD","side":"Sell","size":53,"price":7135,"tickDirection":"ZeroMinusTick","trdMatchID":"fc7ebb27-1bd4-6ed4-50cd-87174143340e","grossValue":742795,"homeNotional":0.00742795,"foreignNotional":53},{"timestamp":"2019-12-22T05:22:37.729Z","symbol":"XBTUSD","side":"Sell","size":4000,"price":7135,"tickDirection":"ZeroMinusTick","trdMatchID":"b4029a20-b922-2d07-8e70-d953e9090d78","grossValue":56060000,"homeNotional":0.5606,"foreignNotional":4000},{"timestamp":"2019-12-22T05:22:37.729Z","symbol":"XBTUSD","side":"Sell","size":2000,"price":7135,"tickDirection":"ZeroMinusTick","trdMatchID":"baeda1bc-d828-c131-cb14-9162a80c8a19","grossValue":28030000,"homeNotional":0.2803,"foreignNotional":2000},{"timestamp":"2019-12-22T05:22:37.729Z","symbol":"XBTUSD","side":"Sell","size":2000,"price":7135,"tickDirection":"ZeroMinusTick","trdMatchID":"36ea3451-59f8-bc9c-2332-ea362681647e","grossValue":28030000,"homeNotional":0.2803,"foreignNotional":2000},{"timestamp":"2019-12-22T05:22:37.729Z","symbol":"XBTUSD","side":"Sell","size":51,"price":7135,"tickDirection":"ZeroMinusTick","trdMatchID":"a5cdfe35-0885-7a4c-fbfa-7f1cf9343b4b","grossValue":714765,"homeNotional":0.00714765,"foreignNotional":51}]}
{"table":"trade","action":"insert","data":[{"timestamp":"2019-12-22T05:22:38.357Z","symbol":"XBTUSD","side":"Sell","size":40,"price":7134.5,"tickDirection":"MinusTick","trdMatchID":"68e6ea82-0b97-26bc-b874-6fd5fcf2a964","grossValue":560640,"homeNotional":0.0056064,"foreignNotional":40},{"timestamp":"2019-12-22T05:22:38.357Z","symbol":"XBTUSD","side":"Sell","size":100,"price":7134.5,"tickDirection":"ZeroMinusTick","trdMatchID":"cef6b7d1-1cb7-d72c-8924-7cca1b1327e6","grossValue":1401600,"homeNotional":0.014016,"foreignNotional":100},{"timestamp":"2019-12-22T05:22:38.357Z","symbol":"XBTUSD","side":"Sell","size":525,"price":7134.5,"tickDirection":"ZeroMinusTick","trdMatchID":"796437c8-0f81-6390-488a-8c59f209dfcb","grossValue":7358400,"homeNotional":0.073584,"foreignNotional":525}]}
{"table":"trade","action":"insert","data":[{"timestamp":"2019-12-22T05:22:38.365Z","symbol":"XBTUSD","side":"Sell","size":475,"price":7134.5,"tickDirection":"ZeroMinusTick","trdMatchID":"50297464-b7f0-5980-884e-2bed9dfc09bf","grossValue":6657600,"homeNotional":0.066576,"foreignNotional":475},{"timestamp":"2019-12-22T05:22:38.365Z","symbol":"XBTUSD","side":"Sell","size":75,"price":7134.5,"tickDirection":"ZeroMinusTick","trdMatchID":"a1f47af0-b1bd-cdad-80f0-bc20195c278f","grossValue":1051200,"homeNotional":0.010512,"foreignNotional":75},{"timestamp":"2019-12-22T05:22:38.365Z","symbol":"XBTUSD","side":"Sell","size":700,"price":7134.5,"tickDirection":"ZeroMinusTick","trdMatchID":"dedf76b9-abc2-26c2-ecd4-346a3747d93c","grossValue":9811200,"homeNotional":0.098112,"foreignNotional":700},{"timestamp":"2019-12-22T05:22:38.365Z","symbol":"XBTUSD","side":"Sell","size":500,"price":7134.5,"tickDirection":"ZeroMinusTick","trdMatchID":"ab85ea40-ff9a-4d62-664e-33c6728e5e32","grossValue":7008000,"homeNotional":0.07008,"foreignNotional":500}]}
{"table":"trade","action":"insert","data":[{"timestamp":"2019-12-22T05:22:39.312Z","symbol":"XBTUSD","side":"Sell","size":200,"price":7134.5,"tickDirection":"ZeroMinusTick","trdMatchID":"802127e8-578f-172a-639e-64b64eb8c226","grossValue":2803200,"homeNotional":0.028032,"foreignNotional":200},{"timestamp":"2019-12-22T05:22:39.312Z","symbol":"XBTUSD","side":"Sell","size":100,"price":7134.5,"tickDirection":"ZeroMinusTick","trdMatchID":"e017756c-9fe8-da61-3e32-98ff44e78a8c","grossValue":1401600,"homeNotional":0.014016,"foreignNotional":100},{"timestamp":"2019-12-22T05:22:39.312Z","symbol":"XBTUSD","side":"Sell","size":30,"price":7134.5,"tickDirection":"ZeroMinusTick","trdMatchID":"0cebc8d4-44fb-4f15-ce5d-6fa563e98c56","grossValue":420480,"homeNotional":0.0042048,"foreignNotional":30},{"timestamp":"2019-12-22T05:22:39.312Z","symbol":"XBTUSD","side":"Sell","size":19,"price":7134.5,"tickDirection":"ZeroMinusTick","trdMatchID":"b31abe9c-0a8a-c05a-75e6-2b917928d4ed","grossValue":266304,"homeNotional":0.00266304,"foreignNotional":19},{"timestamp":"2019-12-22T05:22:39.312Z","symbol":"XBTUSD","side":"Sell","size":85,"price":7134.5,"tickDirection":"ZeroMinusTick","trdMatchID":"1cfbd71d-dd2b-58b3-0868-ed1f8cbe60cd","grossValue":1191360,"homeNotional":0.0119136,"foreignNotional":85}]}
{"table":"trade","action":"insert","data":[{"timestamp":"2019-12-22T05:22:40.936Z","symbol":"XBTUSD","side":"Sell","size":79,"price":7134.5,"tickDirection":"ZeroMinusTick","trdMatchID":"86a99378-5bbc-4171-ffec-ad476bfdd8f5","grossValue":1107264,"homeNotional":0.01107264,"foreignNotional":79},{"timestamp":"2019-12-22T05:22:40.936Z","symbol":"XBTUSD","side":"Sell","size":50,"price":7134.5,"tickDirection":"ZeroMinusTick","trdMatchID":"87b4067e-ca99-249b-b57c-db28cda05749","grossValue":700800,"homeNotional":0.007008,"foreignNotional":50},{"timestamp":"2019-12-22T05:22:40.936Z","symbol":"XBTUSD","side":"Sell","size":1000,"price":7134.5,"tickDirection":"ZeroMinusTick","trdMatchID":"5070bb1b-2a25-12b9-f937-0618059edca2","grossValue":14016000,"homeNotional":0.14016,"foreignNotional":1000},{"timestamp":"2019-12-22T05:22:40.936Z","symbol":"XBTUSD","side":"Sell","size":60,"price":7134.5,"tickDirection":"ZeroMinusTick","trdMatchID":"efcec999-1630-4f7f-b643-27fe15facf75","grossValue":840960,"homeNotional":0.0084096,"foreignNotional":60},{"timestamp":"2019-12-22T05:22:40.936Z","symbol":"XBTUSD","side":"Sell","size":20,"price":7134.5,"tickDirection":"ZeroMinusTick","trdMatchID":"28f74551-2f71-c267-927c-6adcb6f80142","grossValue":280320,"homeNotional":0.0028032,"foreignNotional":20},{"timestamp":"2019-12-22T05:22:40.936Z","symbol":"XBTUSD","side":"Sell","size":10,"price":7134.5,"tickDirection":"ZeroMinusTick","trdMatchID":"169fbf1e-2fff-9331-61c4-a316662ad214","grossValue":140160,"homeNotional":0.0014016,"foreignNotional":10},{"timestamp":"2019-12-22T05:22:40.936Z","symbol":"XBTUSD","side":"Sell","size":100,"price":7134.5,"tickDirection":"ZeroMinusTick","trdMatchID":"d059e7b6-a5fc-7d00-3a2a-72ea84530849","grossValue":1401600,"homeNotional":0.014016,"foreignNotional":100},{"timestamp":"2019-12-22T05:22:40.936Z","symbol":"XBTUSD","side":"Sell","size":481,"price":7134.5,"tickDirection":"ZeroMinusTick","trdMatchID":"d93c88f8-c070-fa98-b6cc-bcead7db675d","grossValue":6741696,"homeNotional":0.06741696,"foreignNotional":481}]}
{"table":"trade","action":"insert","data":[{"timestamp":"2019-12-22T05:22:43.372Z","symbol":"XBTUSD","side":"Sell","size":799,"price":7134.5,"tickDirection":"ZeroMinusTick","trdMatchID":"6afd1c70-4d5f-fa1a-aa1b-c8ef4d3b3fe8","grossValue":11198784,"homeNotional":0.11198784,"foreignNotional":799}]}
{"table":"trade","action":"insert","data":[{"timestamp":"2019-12-22T05:22:44.460Z","symbol":"XBTUSD","side":"Sell","size":500,"price":7134.5,"tickDirection":"MinusTick","trdMatchID":"8393a9f3-4b24-0e4d-f401-3104385e9173","grossValue":7008000,"homeNotional":0.07008,"foreignNotional":500}]}
{"table":"trade","action":"insert","data":[{"timestamp":"2019-12-22T05:22:45.730Z","symbol":"XBTUSD","side":"Sell","size":161,"price":7134.5,"tickDirection":"ZeroMinusTick","trdMatchID":"73a2d198-c845-c25b-1eab-c6188ac0f9bc","grossValue":2256576,"homeNotional":0.02256576,"foreignNotional":161}]}
{"table":"trade","action":"insert","data":[{"timestamp":"2019-12-22T05:22:47.543Z","symbol":"XBTUSD","side":"Sell","size":59,"price":7134.5,"tickDirection":"ZeroMinusTick","trdMatchID":"e338dd38-3f14-6d2d-509d-c9118f0e1175","grossValue":826944,"homeNotional":0.00826944,"foreignNotional":59},{"timestamp":"2019-12-22T05:22:47.543Z","symbol":"XBTUSD","side":"Sell","size":441,"price":7134.5,"tickDirection":"ZeroMinusTick","trdMatchID":"e5d1019e-8f39-72a0-5650-e347afae9d86","grossValue":6181056,"homeNotional":0.06181056,"foreignNotional":441}]}
{"table":"trade","action":"insert","data":[{"timestamp":"2019-12-22T05:22:47.966Z","symbol":"XBTUSD","side":"Sell","size":161,"price":7134.5,"tickDirection":"ZeroMinusTick","trdMatchID":"38ed9398-2893-208a-a72d-31fd9b1603b7","grossValue":2256576,"homeNotional":0.02256576,"foreignNotional":161}]}
{"table":"trade","action":"insert","data":[{"timestamp":"2019-12-22T05:22:48.271Z","symbol":"XBTUSD","side":"Sell","size":4500,"price":7134.5,"tickDirection":"ZeroMinusTick","trdMatchID":"b4e224aa-fa4d-160c-64f8-00b5aa0cd143","grossValue":63072000,"homeNotional":0.63072,"foreignNotional":4500}]}
{"table":"trade","action":"insert","data":[{"timestamp":"2019-12-22T05:22:50.731Z","symbol":"XBTUSD","side":"Sell","size":500,"price":7134.5,"tickDirection":"ZeroMinusTick","trdMatchID":"866c3ab1-56c7-357f-aeec-b6601fc16852","grossValue":7008000,"homeNotional":0.07008,"foreignNotional":500}]}
{"table":"trade","action":"insert","data":[{"timestamp":"2019-12-22T05:22:51.040Z","symbol":"XBTUSD","side":"Sell","size":161,"price":7134.5,"tickDirection":"ZeroMinusTick","trdMatchID":"42477864-6b54-fd27-02b7-72efcfd3506c","grossValue":2256576,"homeNotional":0.02256576,"foreignNotional":161}]}
{"table":"trade","action":"insert","data":[{"timestamp":"2019-12-22T05:22:54.377Z","symbol":"XBTUSD","side":"Sell","size":161,"price":7134.5,"tickDirection":"ZeroMinusTick","trdMatchID":"b23b3d57-d553-d094-f580-863a9661e8b4","grossValue":2256576,"homeNotional":0.02256576,"foreignNotional":161}]}
{"table":"trade","action":"insert","data":[{"timestamp":"2019-12-22T05:23:00.694Z","symbol":"XBTUSD","side":"Sell","size":5000,"price":7134.5,"tickDirection":"ZeroMinusTick","trdMatchID":"444aa63c-5412-2d8c-a6c6-abf0e87c3535","grossValue":70080000,"homeNotional":0.7008,"foreignNotional":5000}]}
{"table":"trade","action":"insert","data":[{"timestamp":"2019-12-22T05:23:06.068Z","symbol":"XBTUSD","side":"Sell","size":500,"price":7134.5,"tickDirection":"ZeroMinusTick","trdMatchID":"56f17204-5232-df38-e967-f9c5a23c3563","grossValue":7008000,"homeNotional":0.07008,"foreignNotional":500}]}
{"table":"trade","action":"insert","data":[{"timestamp":"2019-12-22T05:23:06.999Z","symbol":"XBTUSD","side":"Sell","size":700,"price":7134.5,"tickDirection":"ZeroMinusTick","trdMatchID":"3ea47324-d46a-ebea-5c87-f29e1792c6d5","grossValue":9811200,"homeNotional":0.098112,"foreignNotional":700}]}
{"table":"trade","action":"insert","data":[{"timestamp":"2019-12-22T05:23:12.643Z","symbol":"XBTUSD","side":"Sell","size":17000,"price":7134.5,"tickDirection":"ZeroMinusTick","trdMatchID":"26bb7f25-68e0-523e-e6c3-c9c4825998e9","grossValue":238272000,"homeNotional":2.38272,"foreignNotional":17000}]}
{"table":"trade","action":"insert","data":[{"timestamp":"2019-12-22T05:23:13.619Z","symbol":"XBTUSD","side":"Sell","size":875,"price":7134.5,"tickDirection":"ZeroMinusTick","trdMatchID":"f335d63c-8993-6ea5-a19f-6fdcd510d836","grossValue":12264000,"homeNotional":0.12264,"foreignNotional":875},{"timestamp":"2019-12-22T05:23:13.619Z","symbol":"XBTUSD","side":"Sell","size":3762,"price":7134.5,"tickDirection":"ZeroMinusTick","trdMatchID":"68acf17a-1f55-c91b-0a43-cbba81c6efdc","grossValue":52728192,"homeNotional":0.52728192,"foreignNotional":3762}]}
{"table":"trade","action":"insert","data":[{"timestamp":"2019-12-22T05:23:16.551Z","symbol":"XBTUSD","side":"Sell","size":6237,"price":7134.5,"tickDirection":"ZeroMinusTick","trdMatchID":"e98fafc7-84d1-675e-c6b8-e3186b1b5c1a","grossValue":87417792,"homeNotional":0.87417792,"foreignNotional":6237},{"timestamp":"2019-12-22T05:23:16.551Z","symbol":"XBTUSD","side":"Sell","size":23,"price":7134.5,"tickDirection":"ZeroMinusTick","trdMatchID":"3006c69d-8816-1425-333c-34ce20c83ee8","grossValue":322368,"homeNotional":0.00322368,"foreignNotional":23},{"timestamp":"2019-12-22T05:23:16.551Z","symbol":"XBTUSD","side":"Sell","size":23,"price":7134.5,"tickDirection":"ZeroMinusTick","trdMatchID":"885abf95-77b1-595e-0d18-fa16ce42c341","grossValue":322368,"homeNotional":0.00322368,"foreignNotional":23},{"timestamp":"2019-12-22T05:23:16.551Z","symbol":"XBTUSD","side":"Sell","size":23,"price":7134.5,"tickDirection":"ZeroMinusTick","trdMatchID":"fb3af1b5-c922-f154-03e5-7bcd7d6c5da7","grossValue":322368,"homeNotional":0.00322368,"foreignNotional":23},{"timestamp":"2019-12-22T05:23:16.551Z","symbol":"XBTUSD","side":"Sell","size":23,"price":7134.5,"tickDirection":"ZeroMinusTick","trdMatchID":"f6530e69-ac9e-2755-cfb4-421844461b43","grossValue":322368,"homeNotional":0.00322368,"foreignNotional":23},{"timestamp":"2019-12-22T05:23:16.551Z","symbol":"XBTUSD","side":"Sell","size":1000,"price":7134.5,"tickDirection":"ZeroMinusTick","trdMatchID":"e9bec2c3-1c72-6c90-2f85-b96a07985927","grossValue":14016000,"homeNotional":0.14016,"foreignNotional":1000},{"timestamp":"2019-12-22T05:23:16.551Z","symbol":"XBTUSD","side":"Sell","size":1000,"price":7134.5,"tickDirection":"ZeroMinusTick","trdMatchID":"c490b56f-01ff-6fb7-121e-8aebaa9713a3","grossValue":14016000,"homeNotional":0.14016,"foreignNotional":1000},{"timestamp":"2019-12-22T05:23:16.551Z","symbol":"XBTUSD","side":"Sell","size":62,"price":7134.5,"tickDirection":"ZeroMinusTick","trdMatchID":"62e9a917-47e4-4f20-4900-c0bd834bf9e5","grossValue":868992,"homeNotional":0.00868992,"foreignNotional":62},{"timestamp":"2019-12-22T05:23:16.551Z","symbol":"XBTUSD","side":"Sell","size":182,"price":7134.5,"tickDirection":"ZeroMinusTick","trdMatchID":"046b2ace-fd9d-f4b0-74aa-6048a4273213","grossValue":2550912,"homeNotional":0.02550912,"foreignNotional":182},{"timestamp":"2019-12-22T05:23:16.551Z","symbol":"XBTUSD","side":"Sell","size":406,"price":7134.5,"tickDirection":"ZeroMinusTick","trdMatchID":"116a5628-33d6-1af6-11ff-6aa724964dd5","grossValue":5690496,"homeNotional":0.05690496,"foreignNotional":406},{"timestamp":"2019-12-22T05:23:16.551Z","symbol":"XBTUSD","side":"Sell","size":21,"price":7134.5,"tickDirection":"ZeroMinusTick","trdMatchID":"4e09052b-9d65-60ed-9eb1-a47448d12b9d","grossValue":294336,"homeNotional":0.00294336,"foreignNotional":21},{"timestamp":"2019-12-22T05:23:16.551Z","symbol":"XBTUSD","side":"Sell","size":200,"price":7134.5,"tickDirection":"ZeroMinusTick","trdMatchID":"48476fe8-fb2f-2f1e-04b4-65546d66747e","grossValue":2803200,"homeNotional":0.028032,"foreignNotional":200},{"timestamp":"2019-12-22T05:23:16.551Z","symbol":"XBTUSD","side":"Sell","size":20,"price":7134.5,"tickDirection":"ZeroMinusTick","trdMatchID":"81012f4d-72da-9c5f-0970-8622cfb4e5be","grossValue":280320,"homeNotional":0.0028032,"foreignNotional":20},{"timestamp":"2019-12-22T05:23:16.551Z","symbol":"XBTUSD","side":"Sell","size":29,"price":7134.5,"tickDirection":"ZeroMinusTick","trdMatchID":"7539662f-3924-853c-98f7-4abd72f97d65","grossValue":406464,"homeNotional":0.00406464,"foreignNotional":29},{"timestamp":"2019-12-22T05:23:16.551Z","symbol":"XBTUSD","side":"Sell","size":2,"price":7134.5,"tickDirection":"ZeroMinusTick","trdMatchID":"a0630c5b-8326-2c51-4df6-683ea3107246","grossValue":28032,"homeNotional":0.00028032,"foreignNotional":2},{"timestamp":"2019-12-22T05:23:16.551Z","symbol":"XBTUSD","side":"Sell","size":800,"price":7134.5,"tickDirection":"ZeroMinusTick","trdMatchID":"9608f627-72b7-a3eb-fb81-656cd27259ca","grossValue":11212800,"homeNotional":0.112128,"foreignNotional":800},{"timestamp":"2019-12-22T05:23:16.551Z","symbol":"XBTUSD","side":"Sell","size":25,"price":7134.5,"tickDirection":"ZeroMinusTick","trdMatchID":"5371a64b-793b-3bd9-f0ca-df73551b0171","grossValue":350400,"homeNotional":0.003504,"foreignNotional":25},{"timestamp":"2019-12-22T05:23:16.551Z","symbol":"XBTUSD","side":"Sell","size":19,"price":7134.5,"tickDirection":"ZeroMinusTick","trdMatchID":"4d00c62a-922d-f52a-b529-9e861493092f","grossValue":266304,"homeNotional":0.00266304,"foreignNotional":19},{"timestamp":"2019-12-22T05:23:16.551Z","symbol":"XBTUSD","side":"Sell","size":125,"price":7134.5,"tickDirection":"ZeroMinusTick","trdMatchID":"b479a1a6-a568-9102-fdf2-78fbcd39aaa5","grossValue":1752000,"homeNotional":0.01752,"foreignNotional":125},{"timestamp":"2019-12-22T05:23:16.551Z","symbol":"XBTUSD","side":"Sell","size":19,"price":7134.5,"tickDirection":"ZeroMinusTick","trdMatchID":"cd609420-f05d-28fa-9615-c82caddc256b","grossValue":266304,"homeNotional":0.00266304,"foreignNotional":19},{"timestamp":"2019-12-22T05:23:16.551Z","symbol":"XBTUSD","side":"Sell","size":181,"price":7134.5,"tickDirection":"ZeroMinusTick","trdMatchID":"fd4970db-ac89-603d-1222-29a870b7702b","grossValue":2536896,"homeNotional":0.02536896,"foreignNotional":181},{"timestamp":"2019-12-22T05:23:16.551Z","symbol":"XBTUSD","side":"Sell","size":214,"price":7134.5,"tickDirection":"ZeroMinusTick","trdMatchID":"5bfccc2f-d1f0-2d73-9fac-6ba8d4addb84","grossValue":2999424,"homeNotional":0.02999424,"foreignNotional":214},{"timestamp":"2019-12-22T05:23:16.551Z","symbol":"XBTUSD","side":"Sell","size":3000,"price":7134.5,"tickDirection":"ZeroMinusTick","trdMatchID":"a979d40c-8e6a-e6cd-ca41-92da64e8073a","grossValue":42048000,"homeNotional":0.42048,"foreignNotional":3000},{"timestamp":"2019-12-22T05:23:16.551Z","symbol":"XBTUSD","side":"Sell","size":3000,"price":7134.5,"tickDirection":"ZeroMinusTick","trdMatchID":"51092b38-244f-5f5a-cf95-a6a06c801077","grossValue":42048000,"homeNotional":0.42048,"foreignNotional":3000},{"timestamp":"2019-12-22T05:23:16.551Z","symbol":"XBTUSD","side":"Sell","size":20,"price":7134.5,"tickDirection":"ZeroMinusTick","trdMatchID":"e5d22f30-d5a8-7176-7c3a-873f1f5d2f41","grossValue":280320,"homeNotional":0.0028032,"foreignNotional":20},{"timestamp":"2019-12-22T05:23:16.551Z","symbol":"XBTUSD","side":"Sell","size":3000,"price":7134.5,"tickDirection":"ZeroMinusTick","trdMatchID":"c0a31d50-93c5-aa50-e91c-ebe214f5e36f","grossValue":42048000,"homeNotional":0.42048,"foreignNotional":3000},{"timestamp":"2019-12-22T05:23:16.551Z","symbol":"XBTUSD","side":"Sell","size":1159,"price":7134.5,"tickDirection":"ZeroMinusTick","trdMatchID":"30161c14-5052-9a3e-189f-82581b5ea290","grossValue":16244544,"homeNotional":0.16244544,"foreignNotional":1159},{"timestamp":"2019-12-22T05:23:16.551Z","symbol":"XBTUSD","side":"Sell","size":19187,"price":7134.5,"tickDirection":"ZeroMinusTick","trdMatchID":"22f65fa4-7850-8d2c-1a39-8ef23a0a5f75","grossValue":268924992,"homeNotional":2.68924992,"foreignNotional":19187}]}
{"table":"trade","action":"insert","data":[{"timestamp":"2019-12-22T05:23:21.226Z","symbol":"XBTUSD","side":"Sell","size":34,"price":7134.5,"tickDirection":"ZeroMinusTick","trdMatchID":"f36d1c6b-7913-a406-034a-b03549f8ef08","grossValue":476544,"homeNotional":0.00476544,"foreignNotional":34},{"timestamp":"2019-12-22T05:23:21.226Z","symbol":"XBTUSD","side":"Sell","size":40,"price":7134.5,"tickDirection":"ZeroMinusTick","trdMatchID":"23a15038-2131-da1d-928c-2efe1ee7b431","grossValue":560640,"homeNotional":0.0056064,"foreignNotional":40},{"timestamp":"2019-12-22T05:23:21.226Z","symbol":"XBTUSD","side":"Sell","size":22,"price":7134.5,"tickDirection":"ZeroMinusTick","trdMatchID":"fb933632-ea1f-3014-c51d-036454349ec0","grossValue":308352,"homeNotional":0.00308352,"foreignNotional":22},{"timestamp":"2019-12-22T05:23:21.226Z","symbol":"XBTUSD","side":"Sell","size":34,"price":7134.5,"tickDirection":"ZeroMinusTick","trdMatchID":"6d5a3819-6f1e-a044-86f5-da333b66200b","grossValue":476544,"homeNotional":0.00476544,"foreignNotional":34},{"timestamp":"2019-12-22T05:23:21.226Z","symbol":"XBTUSD","side":"Sell","size":18,"price":7134.5,"tickDirection":"ZeroMinusTick","trdMatchID":"df5760ad-c48b-a622-625d-e3f70321a66f","grossValue":252288,"homeNotional":0.00252288,"foreignNotional":18},{"timestamp":"2019-12-22T05:23:21.226Z","symbol":"XBTUSD","side":"Sell","size":19,"price":7134.5,"tickDirection":"ZeroMinusTick","trdMatchID":"963cebb6-f1fb-5e75-f3b1-bd6a2253ba59","grossValue":266304,"homeNotional":0.00266304,"foreignNotional":19},{"timestamp":"2019-12-22T05:23:21.226Z","symbol":"XBTUSD","side":"Sell","size":25,"price":7134.5,"tickDirection":"ZeroMinusTick","trdMatchID":"807780a9-d56e-1db8-6201-823311592ea8","grossValue":350400,"homeNotional":0.003504,"foreignNotional":25},{"timestamp":"2019-12-22T05:23:21.226Z","symbol":"XBTUSD","side":"Sell","size":18,"price":7134.5,"tickDirection":"ZeroMinusTick","trdMatchID":"b17becf7-c625-aace-d913-94ef309448f8","grossValue":252288,"homeNotional":0.00252288,"foreignNotional":18},{"timestamp":"2019-12-22T05:23:21.226Z","symbol":"XBTUSD","side":"Sell","size":18,"price":7134.5,"tickDirection":"ZeroMinusTick","trdMatchID":"7374addc-a3fe-035f-eb44-b7246011a834","grossValue":252288,"homeNotional":0.00252288,"foreignNotional":18},{"timestamp":"2019-12-22T05:23:21.226Z","symbol":"XBTUSD","side":"Sell","size":21,"price":7134.5,"tickDirection":"ZeroMinusTick","trdMatchID":"eec09e2d-2563-82b3-8d4e-0dda4b359724","grossValue":294336,"homeNotional":0.00294336,"foreignNotional":21},{"timestamp":"2019-12-22T05:23:21.226Z","symbol":"XBTUSD","side":"Sell","size":100,"price":7134.5,"tickDirection":"ZeroMinusTick","trdMatchID":"033ff06c-9391-14c3-3ec1-a7805b7f8a22","grossValue":1401600,"homeNotional":0.014016,"foreignNotional":100},{"timestamp":"2019-12-22T05:23:21.226Z","symbol":"XBTUSD","side":"Sell","size":100,"price":7134.5,"tickDirection":"ZeroMinusTick","trdMatchID":"83e32d13-ea0d-f140-9d93-aa3de2125c0f","grossValue":1401600,"homeNotional":0.014016,"foreignNotional":100},{"timestamp":"2019-12-22T05:23:21.226Z","symbol":"XBTUSD","side":"Sell","size":20,"price":7134.5,"tickDirection":"ZeroMinusTick","trdMatchID":"2bdb852f-9f44-3756-e227-5d677955c7e5","grossValue":280320,"homeNotional":0.0028032,"foreignNotional":20},{"timestamp":"2019-12-22T05:23:21.226Z","symbol":"XBTUSD","side":"Sell","size":858,"price":7134.5,"tickDirection":"ZeroMinusTick","trdMatchID":"c4d6ed68-b9cc-d3da-ccca-bbabfa5f231b","grossValue":12025728,"homeNotional":0.12025728,"foreignNotional":858},{"timestamp":"2019-12-22T05:23:21.226Z","symbol":"XBTUSD","side":"Sell","size":18,"price":7134.5,"tickDirection":"ZeroMinusTick","trdMatchID":"d3913b32-4c5e-82d9-cd67-a772f6973171","grossValue":252288,"homeNotional":0.00252288,"foreignNotional":18},{"timestamp":"2019-12-22T05:23:21.226Z","symbol":"XBTUSD","side":"Sell","size":1,"price":7134.5,"tickDirection":"ZeroMinusTick","trdMatchID":"62ddc63d-5c24-10f6-8ec1-680f5c5a765c","grossValue":14016,"homeNotional":0.00014016,"foreignNotional":1},{"timestamp":"2019-12-22T05:23:21.226Z","symbol":"XBTUSD","side":"Sell","size":100,"price":7134.5,"tickDirection":"ZeroMinusTick","trdMatchID":"e9991755-a1e7-970a-9592-ef772ecc00a7","grossValue":1401600,"homeNotional":0.014016,"foreignNotional":100},{"timestamp":"2019-12-22T05:23:21.226Z","symbol":"XBTUSD","side":"Sell","size":18,"price":7134.5,"tickDirection":"ZeroMinusTick","trdMatchID":"a28aa7c2-b4d6-b324-5376-392be8e615df","grossValue":252288,"homeNotional":0.00252288,"foreignNotional":18},{"timestamp":"2019-12-22T05:23:21.226Z","symbol":"XBTUSD","side":"Sell","size":2000,"price":7134.5,"tickDirection":"ZeroMinusTick","trdMatchID":"ffb8fe67-1bc9-0505-3f6d-b719ec94e47e","grossValue":28032000,"homeNotional":0.28032,"foreignNotional":2000},{"timestamp":"2019-12-22T05:23:21.226Z","symbol":"XBTUSD","side":"Sell","size":20,"price":7134.5,"tickDirection":"ZeroMinusTick","trdMatchID":"c12f055a-37db-a103-4d98-d13f45e2c5be","grossValue":280320,"homeNotional":0.0028032,"foreignNotional":20},{"timestamp":"2019-12-22T05:23:21.226Z","symbol":"XBTUSD","side":"Sell","size":100,"price":7134.5,"tickDirection":"ZeroMinusTick","trdMatchID":"64bdcc32-65c5-4901-9481-99b3772c7aba","grossValue":1401600,"homeNotional":0.014016,"foreignNotional":100},{"timestamp":"2019-12-22T05:23:21.226Z","symbol":"XBTUSD","side":"Sell","size":100,"price":7134.5,"tickDirection":"ZeroMinusTick","trdMatchID":"c7925981-6654-b286-306c-f9a72e061c41","grossValue":1401600,"homeNotional":0.014016,"foreignNotional":100},{"timestamp":"2019-12-22T05:23:21.226Z","symbol":"XBTUSD","side":"Sell","size":103,"price":7134.5,"tickDirection":"ZeroMinusTick","trdMatchID":"17a03dd3-e252-bf18-98de-800d43367697","grossValue":1443648,"homeNotional":0.01443648,"foreignNotional":103},{"timestamp":"2019-12-22T05:23:21.226Z","symbol":"XBTUSD","side":"Sell","size":100,"price":7134.5,"tickDirection":"ZeroMinusTick","trdMatchID":"13840387-d786-ab65-7611-4c2fe9dd865f","grossValue":1401600,"homeNotional":0.014016,"foreignNotional":100},{"timestamp":"2019-12-22T05:23:21.226Z","symbol":"XBTUSD","side":"Sell","size":3000,"price":7134.5,"tickDirection":"ZeroMinusTick","trdMatchID":"9b13a4a8-63bf-26a1-52e6-b7d7309af6c4","grossValue":42048000,"homeNotional":0.42048,"foreignNotional":3000},{"timestamp":"2019-12-22T05:23:21.226Z","symbol":"XBTUSD","side":"Sell","size":2113,"price":7134.5,"tickDirection":"ZeroMinusTick","trdMatchID":"428e95a2-f9aa-38ee-e2aa-ae909561bfbd","grossValue":29615808,"homeNotional":0.29615808,"foreignNotional":2113}]}
{"table":"trade","action":"insert","data":[{"timestamp":"2019-12-22T05:23:22.860Z","symbol":"XBTUSD","side":"Sell","size":1800,"price":7134.5,"tickDirection":"ZeroMinusTick","trdMatchID":"48cee352-fc54-d834-68af-5a5bd757b935","grossValue":25228800,"homeNotional":0.252288,"foreignNotional":1800}]}
{"table":"trade","action":"insert","data":[{"timestamp":"2019-12-22T05:23:23.860Z","symbol":"XBTUSD","side":"Sell","size":16087,"price":7134.5,"tickDirection":"ZeroMinusTick","trdMatchID":"59f9f69a-7d4c-5f13-8c59-61b9c258b6a3","grossValue":225475392,"homeNotional":2.25475392,"foreignNotional":16087},{"timestamp":"2019-12-22T05:23:23.860Z","symbol":"XBTUSD","side":"Sell","size":37,"price":7134.5,"tickDirection":"ZeroMinusTick","trdMatchID":"38e138ee-e0c9-5191-db93-9ab0e24d2361","grossValue":518592,"homeNotional":0.00518592,"foreignNotional":37},{"timestamp":"2019-12-22T05:23:23.860Z","symbol":"XBTUSD","side":"Sell","size":2,"price":7134.5,"tickDirection":"ZeroMinusTick","trdMatchID":"3c4bfaea-2400-5537-eaf7-6a062975b160","grossValue":28032,"homeNotional":0.00028032,"foreignNotional":2},{"timestamp":"2019-12-22T05:23:23.860Z","symbol":"XBTUSD","side":"Sell","size":3,"price":7134.5,"tickDirection":"ZeroMinusTick","trdMatchID":"e716373c-5e72-1ad9-aa77-a1cd89008061","grossValue":42048,"homeNotional":0.00042048,"foreignNotional":3},{"timestamp":"2019-12-22T05:23:23.860Z","symbol":"XBTUSD","side":"Sell","size":64,"price":7134.5,"tickDirection":"ZeroMinusTick","trdMatchID":"aec17f71-851a-1734-c2dc-758de80f5ff2","grossValue":897024,"homeNotional":0.00897024,"foreignNotional":64},{"timestamp":"2019-12-22T05:23:23.860Z","symbol":"XBTUSD","side":"Sell","size":3,"price":7134.5,"tickDirection":"ZeroMinusTick","trdMatchID":"22a5c228-feea-4b60-ba10-c1c5ab567ae2","grossValue":42048,"homeNotional":0.00042048,"foreignNotional":3},{"timestamp":"2019-12-22T05:23:23.860Z","symbol":"XBTUSD","side":"Sell","size":2,"price":7134.5,"tickDirection":"ZeroMinusTick","trdMatchID":"08dc97f3-4d0a-b058-7f82-99e98484c811","grossValue":28032,"homeNotional":0.00028032,"foreignNotional":2},{"timestamp":"2019-12-22T05:23:23.860Z","symbol":"XBTUSD","side":"Sell","size":34,"price":7134.5,"tickDirection":"ZeroMinusTick","trdMatchID":"17a5ce4e-9505-863c-e8a9-6a5f088a9ee4","grossValue":476544,"homeNotional":0.00476544,"foreignNotional":34},{"timestamp":"2019-12-22T05:23:23.860Z","symbol":"XBTUSD","side":"Sell","size":30,"price":7134.5,"tickDirection":"ZeroMinusTick","trdMatchID":"2a81a0da-09ff-962c-494c-da24dc1291d6","grossValue":420480,"homeNotional":0.0042048,"foreignNotional":30},{"timestamp":"2019-12-22T05:23:23.860Z","symbol":"XBTUSD","side":"Sell","size":250,"price":7134.5,"tickDirection":"ZeroMinusTick","trdMatchID":"b42142a6-6ec5-1bca-a1cf-dc72891e3e4e","grossValue":3504000,"homeNotional":0.03504,"foreignNotional":250},{"timestamp":"2019-12-22T05:23:23.860Z","symbol":"XBTUSD","side":"Sell","size":125,"price":7134.5,"tickDirection":"ZeroMinusTick","trdMatchID":"d7393938-93e5-844b-d2ff-db58ad9c6ccc","grossValue":1752000,"homeNotional":0.01752,"foreignNotional":125},{"timestamp":"2019-12-22T05:23:23.860Z","symbol":"XBTUSD","side":"Sell","size":166,"price":7134.5,"tickDirection":"ZeroMinusTick","trdMatchID":"538a6bca-f816-33a9-7e23-1a88af911cd2","grossValue":2326656,"homeNotional":0.02326656,"foreignNotional":166},{"timestamp":"2019-12-22T05:23:23.860Z","symbol":"XBTUSD","side":"Sell","size":2500,"price":7134.5,"tickDirection":"ZeroMinusTick","trdMatchID":"6f6a423a-b3c4-987b-2b87-3552763575cd","grossValue":35040000,"homeNotional":0.3504,"foreignNotional":2500},{"timestamp":"2019-12-22T05:23:23.860Z","symbol":"XBTUSD","side":"Sell","size":20,"price":7134.5,"tickDirection":"ZeroMinusTick","trdMatchID":"001e5c43-af6e-a2d4-ed78-717c76b64b12","grossValue":280320,"homeNotional":0.0028032,"foreignNotional":20},{"timestamp":"2019-12-22T05:23:23.860Z","symbol":"XBTUSD","side":"Sell","size":88,"price":7134.5,"tickDirection":"ZeroMinusTick","trdMatchID":"166af6f6-fd5c-37b5-335a-dece7a3b471f","grossValue":1233408,"homeNotional":0.01233408,"foreignNotional":88},{"timestamp":"2019-12-22T05:23:23.860Z","symbol":"XBTUSD","side":"Sell","size":23,"price":7134.5,"tickDirection":"ZeroMinusTick","trdMatchID":"e60ad138-365c-5eef-de97-9a2db34231db","grossValue":322368,"homeNotional":0.00322368,"foreignNotional":23},{"timestamp":"2019-12-22T05:23:23.860Z","symbol":"XBTUSD","side":"Sell","size":100,"price":7134.5,"tickDirection":"ZeroMinusTick","trdMatchID":"a6f3d290-319a-c701-3bd8-51fcc9de390e","grossValue":1401600,"homeNotional":0.014016,"foreignNotional":100},{"timestamp":"2019-12-22T05:23:23.860Z","symbol":"XBTUSD","side":"Sell","size":1000,"price":7134.5,"tickDirection":"ZeroMinusTick","trdMatchID":"33d0b673-203f-acdd-2fb3-d1ec06eac42e","grossValue":14016000,"homeNotional":0.14016,"foreignNotional":1000},{"timestamp":"2019-12-22T05:23:23.860Z","symbol":"XBTUSD","side":"Sell","size":40,"price":7134,"tickDirection":"MinusTick","trdMatchID":"16f7fbf3-267b-545c-bd23-15a8e3fab2f4","grossValue":560680,"homeNotional":0.0056068,"foreignNotional":40},{"timestamp":"2019-12-22T05:23:23.860Z","symbol":"XBTUSD","side":"Sell","size":150,"price":7134,"tickDirection":"ZeroMinusTick","trdMatchID":"c082d2db-e8a0-2ad3-69dc-3ab801c3e8a6","grossValue":2102550,"homeNotional":0.0210255,"foreignNotional":150},{"timestamp":"2019-12-22T05:23:23.860Z","symbol":"XBTUSD","side":"Sell","size":60,"price":7134,"tickDirection":"ZeroMinusTick","trdMatchID":"d972145d-5f6f-5bcb-3be7-d4cc0683aab5","grossValue":841020,"homeNotional":0.0084102,"foreignNotional":60},{"timestamp":"2019-12-22T05:23:23.860Z","symbol":"XBTUSD","side":"Sell","size":200,"price":7134,"tickDirection":"ZeroMinusTick","trdMatchID":"62d54596-9c9e-c7d8-5b73-632e001ae430","grossValue":2803400,"homeNotional":0.028034,"foreignNotional":200},{"timestamp":"2019-12-22T05:23:23.860Z","symbol":"XBTUSD","side":"Sell","size":32,"price":7134,"tickDirection":"ZeroMinusTick","trdMatchID":"af3faf67-d4c7-5b12-bd7b-d0f1f28faa38","grossValue":448544,"homeNotional":0.00448544,"foreignNotional":32},{"timestamp":"2019-12-22T05:23:23.860Z","symbol":"XBTUSD","side":"Sell","size":1200,"price":7134,"tickDirection":"ZeroMinusTick","trdMatchID":"9c492266-49d0-e923-0721-2e04657520ab","grossValue":16820400,"homeNotional":0.168204,"foreignNotional":1200},{"timestamp":"2019-12-22T05:23:23.860Z","symbol":"XBTUSD","side":"Sell","size":64,"price":7134,"tickDirection":"ZeroMinusTick","trdMatchID":"a2567b32-de7e-fb44-2b71-6d9748429e92","grossValue":897088,"homeNotional":0.00897088,"foreignNotional":64},{"timestamp":"2019-12-22T05:23:23.860Z","symbol":"XBTUSD","side":"Sell","size":50,"price":7134,"tickDirection":"ZeroMinusTick","trdMatchID":"95853958-c48e-1692-f059-ca7c36e24221","grossValue":700850,"homeNotional":0.0070085,"foreignNotional":50},{"timestamp":"2019-12-22T05:23:23.860Z","symbol":"XBTUSD","side":"Sell","size":26000,"price":7134,"tickDirection":"ZeroMinusTick","trdMatchID":"938d770a-11ae-924d-3232-c9f66f8b3274","grossValue":364442000,"homeNotional":3.64442,"foreignNotional":26000},{"timestamp":"2019-12-22T05:23:23.860Z","symbol":"XBTUSD","side":"Sell","size":1670,"price":7134,"tickDirection":"ZeroMinusTick","trdMatchID":"79fab853-1b82-0418-3b4f-de482c089ad0","grossValue":23408390,"homeNotional":0.2340839,"foreignNotional":1670}]}
{"table":"trade","action":"insert","data":[{"timestamp":"2019-12-22T05:23:23.867Z","symbol":"XBTUSD","side":"Sell","size":100,"price":7134,"tickDirection":"ZeroMinusTick","trdMatchID":"49bea87e-30ad-7dd5-4373-b72781867db2","grossValue":1401700,"homeNotional":0.014017,"foreignNotional":100}]}
{"table":"trade","action":"insert","data":[{"timestamp":"2019-12-22T05:23:23.874Z","symbol":"XBTUSD","side":"Sell","size":5364,"price":7134,"tickDirection":"ZeroMinusTick","trdMatchID":"a100dc5d-255d-956d-bc39-0ff7558cf702","grossValue":75187188,"homeNotional":0.75187188,"foreignNotional":5364},{"timestamp":"2019-12-22T05:23:23.874Z","symbol":"XBTUSD","side":"Sell","size":20,"price":7134,"tickDirection":"ZeroMinusTick","trdMatchID":"6b28adb2-fb09-a19a-8acb-d360dd59c5bd","grossValue":280340,"homeNotional":0.0028034,"foreignNotional":20},{"timestamp":"2019-12-22T05:23:23.874Z","symbol":"XBTUSD","side":"Sell","size":100,"price":7134,"tickDirection":"ZeroMinusTick","trdMatchID":"f7ba6bdc-de0f-ef02-badc-5e207bda3628","grossValue":1401700,"homeNotional":0.014017,"foreignNotional":100},{"timestamp":"2019-12-22T05:23:23.874Z","symbol":"XBTUSD","side":"Sell","size":100,"price":7134,"tickDirection":"ZeroMinusTick","trdMatchID":"0f2568f0-b2ea-5631-cd0d-e323869ef083","grossValue":1401700,"homeNotional":0.014017,"foreignNotional":100},{"timestamp":"2019-12-22T05:23:23.874Z","symbol":"XBTUSD","side":"Sell","size":100,"price":7134,"tickDirection":"ZeroMinusTick","trdMatchID":"aa31ae31-aa2c-cb8a-c47e-493984413cdd","grossValue":1401700,"homeNotional":0.014017,"foreignNotional":100},{"timestamp":"2019-12-22T05:23:23.874Z","symbol":"XBTUSD","side":"Sell","size":1002,"price":7134,"tickDirection":"ZeroMinusTick","trdMatchID":"11b4ec9d-4efd-9802-d4ad-6ee9d28f949f","grossValue":14045034,"homeNotional":0.14045034,"foreignNotional":1002},{"timestamp":"2019-12-22T05:23:23.874Z","symbol":"XBTUSD","side":"Sell","size":3314,"price":7134,"tickDirection":"ZeroMinusTick","trdMatchID":"5e8d6137-e008-cea0-d42c-bbf3b0fc6882","grossValue":46452338,"homeNotional":0.46452338,"foreignNotional":3314}]}
{"table":"trade","action":"insert","data":[{"timestamp":"2019-12-22T05:23:29.269Z","symbol":"XBTUSD","side":"Sell","size":161,"price":7134,"tickDirection":"ZeroMinusTick","trdMatchID":"73eaa55b-d7d6-f377-942d-5d1642f1cfbf","grossValue":2256737,"homeNotional":0.02256737,"foreignNotional":161}]}
{"table":"trade","action":"insert","data":[{"timestamp":"2019-12-22T05:23:29.973Z","symbol":"XBTUSD","side":"Sell","size":100,"price":7134,"tickDirection":"ZeroMinusTick","trdMatchID":"178b9b79-11f6-e037-83b1-792f858e26a8","grossValue":1401700,"homeNotional":0.014017,"foreignNotional":100}]}
{"table":"trade","action":"insert","data":[{"timestamp":"2019-12-22T05:23:31.272Z","symbol":"XBTUSD","side":"Sell","size":161,"price":7134,"tickDirection":"ZeroMinusTick","trdMatchID":"bfa89a56-5c08-d029-19f3-2a571bd0d077","grossValue":2256737,"homeNotional":0.02256737,"foreignNotional":161}]}
{"table":"trade","action":"insert","data":[{"timestamp":"2019-12-22T05:23:31.303Z","symbol":"XBTUSD","side":"Sell","size":500,"price":7134,"tickDirection":"ZeroMinusTick","trdMatchID":"c8454bb8-a28c-6d2c-ca51-abf0c0f132ff","grossValue":7008500,"homeNotional":0.070085,"foreignNotional":500}]}
{"table":"trade","action":"insert","data":[{"timestamp":"2019-12-22T05:23:31.701Z","symbol":"XBTUSD","side":"Sell","size":100,"price":7134,"tickDirection":"ZeroMinusTick","trdMatchID":"68abe8c7-3f42-be7f-c41c-b2b572a711ee","grossValue":1401700,"homeNotional":0.014017,"foreignNotional":100}]}
{"table":"trade","action":"insert","data":[{"timestamp":"2019-12-22T05:23:32.076Z","symbol":"XBTUSD","side":"Sell","size":4087,"price":7134,"tickDirection":"ZeroMinusTick","trdMatchID":"cf430061-0ad2-cfce-bf71-9e7960ff7736","grossValue":57287479,"homeNotional":0.57287479,"foreignNotional":4087},{"timestamp":"2019-12-22T05:23:32.076Z","symbol":"XBTUSD","side":"Sell","size":100,"price":7134,"tickDirection":"ZeroMinusTick","trdMatchID":"3d2d6a8b-3417-33ed-ad84-8f486fca75b8","grossValue":1401700,"homeNotional":0.014017,"foreignNotional":100},{"timestamp":"2019-12-22T05:23:32.076Z","symbol":"XBTUSD","side":"Sell","size":20,"price":7134,"tickDirection":"ZeroMinusTick","trdMatchID":"20c1eba0-9951-7098-db8a-b6e0d95ca3e0","grossValue":280340,"homeNotional":0.0028034,"foreignNotional":20},{"timestamp":"2019-12-22T05:23:32.076Z","symbol":"XBTUSD","side":"Sell","size":6000,"price":7134,"tickDirection":"ZeroMinusTick","trdMatchID":"f37f9d51-7087-1d48-2416-ef1173e8b5f3","grossValue":84102000,"homeNotional":0.84102,"foreignNotional":6000},{"timestamp":"2019-12-22T05:23:32.076Z","symbol":"XBTUSD","side":"Sell","size":23,"price":7134,"tickDirection":"ZeroMinusTick","trdMatchID":"041c5acf-1819-6335-326f-930a84726924","grossValue":322391,"homeNotional":0.00322391,"foreignNotional":23},{"timestamp":"2019-12-22T05:23:32.076Z","symbol":"XBTUSD","side":"Sell","size":23,"price":7134,"tickDirection":"ZeroMinusTick","trdMatchID":"caff0805-934a-d2a4-31c6-f8bccb69b15e","grossValue":322391,"homeNotional":0.00322391,"foreignNotional":23},{"timestamp":"2019-12-22T05:23:32.076Z","symbol":"XBTUSD","side":"Sell","size":50,"price":7134,"tickDirection":"ZeroMinusTick","trdMatchID":"dfc732d1-be8c-ec22-4526-ce8838fa3110","grossValue":700850,"homeNotional":0.0070085,"foreignNotional":50},{"timestamp":"2019-12-22T05:23:32.076Z","symbol":"XBTUSD","side":"Sell","size":1000,"price":7134,"tickDirection":"ZeroMinusTick","trdMatchID":"028c4581-5991-6fde-44e8-72f42b553be0","grossValue":14017000,"homeNotional":0.14017,"foreignNotional":1000},{"timestamp":"2019-12-22T05:23:32.076Z","symbol":"XBTUSD","side":"Sell","size":7725,"price":7134,"tickDirection":"ZeroMinusTick","trdMatchID":"3b9f17b2-d4fb-ec79-fbd5-42269ac5d915","grossValue":108281325,"homeNotional":1.08281325,"foreignNotional":7725},{"timestamp":"2019-12-22T05:23:32.076Z","symbol":"XBTUSD","side":"Sell","size":58,"price":7134,"tickDirection":"ZeroMinusTick","trdMatchID":"e516961b-d6fb-d9bc-293d-9094fb979759","grossValue":812986,"homeNotional":0.00812986,"foreignNotional":58},{"timestamp":"2019-12-22T05:23:32.076Z","symbol":"XBTUSD","side":"Sell","size":10000,"price":7134,"tickDirection":"ZeroMinusTick","trdMatchID":"3c31bd02-7ef4-0fa2-e5e8-b2e9b6a86c55","grossValue":140170000,"homeNotional":1.4017,"foreignNotional":10000},{"timestamp":"2019-12-22T05:23:32.076Z","symbol":"XBTUSD","side":"Sell","size":25,"price":7134,"tickDirection":"ZeroMinusTick","trdMatchID":"d7bc204d-86fb-50d2-bd71-516e257edc45","grossValue":350425,"homeNotional":0.00350425,"foreignNotional":25},{"timestamp":"2019-12-22T05:23:32.076Z","symbol":"XBTUSD","side":"Sell","size":2000,"price":7134,"tickDirection":"ZeroMinusTick","trdMatchID":"cda877a5-b5f0-37f5-ece4-e5e0dc534098","grossValue":28034000,"homeNotional":0.28034,"foreignNotional":2000},{"timestamp":"2019-12-22T05:23:32.076Z","symbol":"XBTUSD","side":"Sell","size":200,"price":7134,"tickDirection":"ZeroMinusTick","trdMatchID":"a09b1df1-0879-c78a-3e2d-a2639e38bb4b","grossValue":2803400,"homeNotional":0.028034,"foreignNotional":200},{"timestamp":"2019-12-22T05:23:32.076Z","symbol":"XBTUSD","side":"Sell","size":4000,"price":7134,"tickDirection":"ZeroMinusTick","trdMatchID":"cdf1e777-9cad-7748-292b-72ec7fe2a243","grossValue":56068000,"homeNotional":0.56068,"foreignNotional":4000},{"timestamp":"2019-12-22T05:23:32.076Z","symbol":"XBTUSD","side":"Sell","size":120,"price":7134,"tickDirection":"ZeroMinusTick","trdMatchID":"8a8dd362-5535-b25e-700f-c12ea68194f2","grossValue":1682040,"homeNotional":0.0168204,"foreignNotional":120},{"timestamp":"2019-12-22T05:23:32.076Z","symbol":"XBTUSD","side":"Sell","size":30,"price":7134,"tickDirection":"ZeroMinusTick","trdMatchID":"1dec13d9-abda-a141-4958-7df5dfc84a25","grossValue":420510,"homeNotional":0.0042051,"foreignNotional":30},{"timestamp":"2019-12-22T05:23:32.076Z","symbol":"XBTUSD","side":"Sell","size":20,"price":7134,"tickDirection":"ZeroMinusTick","trdMatchID":"efd7d575-db0b-6639-bfd1-4e2df1c85f95","grossValue":280340,"homeNotional":0.0028034,"foreignNotional":20},{"timestamp":"2019-12-22T05:23:32.076Z","symbol":"XBTUSD","side":"Sell","size":50,"price":7134,"tickDirection":"ZeroMinusTick","trdMatchID":"ebea85cd-a0e2-cf6f-85d2-d6bfce65d84d","grossValue":700850,"homeNotional":0.0070085,"foreignNotional":50},{"timestamp":"2019-12-22T05:23:32.076Z","symbol":"XBTUSD","side":"Sell","size":956,"price":7134,"tickDirection":"ZeroMinusTick","trdMatchID":"325ecfd9-9637-d0f1-bf7c-2da9f444dd3b","grossValue":13400252,"homeNotional":0.13400252,"foreignNotional":956}]}
